3816 5802
406 519 463 560 122
933 503 1019 560 Anno
1042 513 1130 580 1451.

400 716 475 794 bite,
499 734 595 776 unam
620 714 772 775 videlicet
795 728 942 776 octavam
968 713 1054 776 curie
1080 713 1111 774 in
1136 733 1168 774 se
1200 715 1430 793 continentem,
1455 714 1579 797 prefato
1598 717 1662 778 Va-

399 821 522 882 lentino
558 821 662 902 jurato
698 840 756 903 pro
796 821 897 881 tribus
926 819 1031 901 pensis
1074 819 1280 881 denariorum
1321 820 1467 883 vendidit
1502 836 1660 904 perpetuo

398 928 628 1010 possidendam
647 941 677 989 et
701 927 874 1010 superinde
903 941 949 988 est
973 927 1062 989 litera
1087 927 1146 988 sub
1171 926 1324 1008 pendenti
1349 927 1456 1008 sigillo
1479 929 1662 990 communi·

398 1036 469 1097 tatis
495 1049 653 1097 emanata.

504 1143 581 1204 ltem
607 1142 739 1204 domina
766 1141 942 1224 Elyzabeth
967 1161 1077 1203 socrus
1095 1141 1259 1204 Benedicti
1294 1141 1409 1222 judicis
1433 1141 1473 1202 de
1491 1142 1660 1204 Kralewcz

398 1249 454 1311 filii
480 1249 619 1327 Martini,
644 1248 807 1330 quandam
830 1249 957 1309 vineam
980 1267 1070 1309 suam
1102 1248 1133 1308 in
1152 1248 1313 1310 territorio
1339 1248 1476 1310 civitatis
1500 1248 1531 1308 in
1549 1263 1660 1310 monte

398 1355 535 1417 Kalman
559 1354 647 1416 werh
672 1367 785 1415 vocato
810 1353 963 1433 habitam,
987 1352 1111 1436 prelato
1136 1354 1313 1416 Benedicto
1338 1354 1436 1435 judici
1460 1375 1580 1437 genero
1597 1376 1659 1417 suo

398 1477 428 1524 et
451 1461 628 1544 Elyzabeth
654 1461 745 1522 uxori
776 1461 934 1542 legittime
967 1461 1123 1524 eiusdem,
1147 1461 1312 1522 Benedicti
1344 1459 1470 1540 judicis,
1494 1461 1559 1523 filie
1583 1483 1662 1524 vero

397 1589 463 1646 sue,
488 1589 523 1630 ac
548 1587 604 1650 per
628 1587 684 1628 eos
709 1568 851 1650 ipsorum
884 1567 1056 1628 heredibus
1089 1568 1210 1649 legavit
1242 1567 1309 1649 jure
1342 1567 1531 1649 perhennali
1558 1569 1659 1651 possi·

397 1675 536 1737 dendant
561 1688 592 1736 et
615 1673 786 1755 superinde
811 1673 888 1756 ipsis
913 1687 958 1736 est
981 1674 1073 1736 litera
1097 1675 1156 1735 sub
1173 1673 1328 1756 pendenti
1345 1673 1452 1753 sigillo
1477 1675 1661 1736 communi·

396 1781 469 1844 tatis
493 1795 650 1843 emanata.

502 1889 578 1950 ltem
605 1887 736 1950 domina
761 1886 937 1949 Katherina
962 1887 1071 1948 relicta
1089 1887 1226 1948 condam
1252 1885 1383 1972 Mathye
1410 1887 1537 1966 Farkas,
1556 1907 1661 1969 quan-

396 1995 470 2056 dam
495 1994 629 2056 domurn
653 2013 743 2055 suam
769 2008 937 2072 muratam,
962 1993 994 2054 in
1020 2013 1082 2074 qua
1107 1994 1185 2054 alias
1210 1994 1284 2074 equi
1309 2007 1339 2055 et
1365 1993 1425 2054 alia
1451 1994 1603 2055 animalia
1623 2015 1661 2056 ac

397 2100 506 2162 fenum
530 2113 611 2162 stare
636 2100 729 2162 solita
753 2097 893 2178 fuerunt,
918 2100 999 2161 inter
1031 2099 1127 2160 aliam
1159 2099 1293 2160 domum
1326 2119 1416 2161 suam
1442 2115 1602 2162 muratam
1628 2117 1660 2163 et

396 2207 531 2270 fundum
566 2228 601 2269 ac
635 2205 824 2268 hedificiaa
856 2220 943 2288 parte
975 2206 1228 2288 septemtrionali
1260 2206 1364 2284 sitam,
1397 2219 1427 2267 et
1454 2206 1537 2268 inter
1561 2207 1658 2268 aliam

396 2316 495 2376 eciam
521 2315 655 2375 domum
680 2333 771 2374 suam
795 2313 933 2393 ligneam
960 2327 990 2374 et
1024 2311 1160 2374 fundum
1186 2333 1221 2374 ac
1243 2311 1391 2374 hedificia
1415 2313 1513 2394 lignei
1539 2316 1657 2396 operis,

395 2443 412 2482 a
438 2421 643 2483 meridionali
667 2434 755 2503 parte
780 2419 933 2498 habitam,
959 2419 1099 2482 mediam
1133 2420 1254 2481 curiam
1278 2420 1317 2481 ad
1344 2439 1437 2481 usum
1463 2421 1600 2483 civitatis
1625 2423 1658 2482 in

394 2549 427 2590 se
452 2528 683 2605 continentem,
710 2525 868 2607 Gregorio
886 2524 953 2588 filio
975 2526 1130 2587 Anthonii
1156 2525 1196 2588 de
1214 2526 1396 2588 Morawcha
1421 2541 1453 2590 et
1469 2527 1583 2590 Vrsule
1600 2548 1658 2589 sue

394 2635 533 2696 consorti
558 2654 594 2695 ac
618 2654 674 2716 per
698 2653 752 2694 eos
777 2634 919 2716 ipsorum
944 2632 1116 2694 heredibus
1153 2633 1285 2695 donavit
1308 2647 1464 2716 perpetuo
1490 2634 1657 2716 possiden-

395 2741 468 2803 dam
494 2757 525 2803 et
547 2740 720 2823 superinde
745 2754 791 2801 est
815 2740 907 2802 litera
939 2740 1148 2822 privilegialis
1180 2740 1256 2822 ipsis
1288 2741 1347 2801 sub
1369 2741 1525 2822 pendenti
1549 2741 1657 2822 sigillo

395 2847 634 2908 communitatis
659 2860 817 2910 emanata.

500 2955 576 3016 Item
603 2955 850 3016 Bartholomeus
873 2951 957 3014 filius
983 2953 1134 3034 Stephani
1170 2953 1332 3034 quandam
1367 2953 1481 3014 silvam
1507 2955 1538 3015 in
1564 2956 1655 3016 terri-

393 3061 476 3122 torio
498 3062 634 3124 civitatis
659 3062 690 3124 in
715 3061 878 3122 vicinitate
902 3061 996 3122 vinee
1029 3059 1152 3122 deserte
1177 3081 1233 3121 seu
1256 3061 1336 3123 silve
1361 3060 1496 3122 Fabiani
1521 3059 1657 3148 Gonny·

392 3167 492 3252 chych
518 3181 548 3230 et
572 3169 653 3229 inter
676 3168 788 3229 silvam
815 3167 947 3230 ecclesie
972 3181 1078 3228 nostre
1103 3167 1296 3249 parochialis
1320 3168 1404 3228 beati
1423 3169 1521 3229 Marci
1547 3189 1654 3230 ewan-

391 3275 504 3355 geliste
529 3275 634 3352 sitam,
658 3295 675 3335 a
702 3275 795 3336 Petro
820 3274 1022 3356 Zudrowych
1056 3273 1123 3335 lilio
1152 3274 1289 3335 condam
1323 3273 1544 3336 Bartholomei
1578 3275 1655 3337 dicti

394 3381 503 3442 Zudor
528 3401 586 3463 pro
611 3381 712 3442 tribus
729 3380 805 3443 flor.·
824 3382 892 3442 auri
910 3382 988 3443 emit
1005 3395 1160 3463 perpetuo
1178 3381 1404 3462 possidendam
1427 3395 1458 3444 et
1482 3383 1655 3464 superinde

393 3503 438 3550 est
462 3489 552 3550 litera
578 3489 637 3549 sibi
670 3489 729 3550 sub
754 3488 906 3570 pendenti
939 3488 1046 3570 sigillo
1070 3489 1310 3550 communitatis
1334 3503 1491 3552 emanata.

498 3594 575 3656 ltem
601 3596 648 3656 vir
673 3595 810 3657 condam
836 3595 990 3677 providus
1014 3610 1044 3656 et
1069 3595 1221 3656 honestus
1242 3595 1379 3657 Michael
1404 3596 1484 3657 olim
1509 3596 1603 3678 judex
1622 3611 1655 3658 et

392 3701 531 3762 concivis
556 3715 663 3764 noster
687 3701 772 3764 filius
798 3702 948 3786 Symonis
977 3702 1052 3764 dicti
1086 3702 1260 3787 Saronych,
1294 3702 1457 3763 universas
1482 3722 1555 3764 suas
1580 3723 1653 3785 pos·

391 3809 547 3870 sessiones
571 3823 601 3872 et
625 3810 796 3892 porciones
820 3810 1086 3891 possessionarias
1102 3809 1253 3871 videlicet
1281 3809 1397 3870 domos
1421 3823 1485 3870 tam
1511 3824 1654 3871 muratas

392 3935 488 3996 quam
514 3916 645 3996 ligneas,
670 3916 767 3978 simul
791 3937 863 3978 cum
889 3915 996 3978 lundis
1028 3930 1059 3979 et
1082 3916 1207 3978 celariis
1237 3936 1273 3977 ac
1297 3916 1494 3977 stationibus
1520 3918 1655 3978 muratis

390 4035 421 4082 et
445 4019 611 4100 hedificiis,
633 4023 771 4104 aliisque
804 4024 926 4085 cunctis
958 4024 1022 4084 suis
1054 4022 1246 4084 utilitatibus
1282 4036 1312 4083 et
1344 4023 1549 4104 pertinenciis
1583 4024 1654 4085 uni-

391 4128 499 4206 versis,
525 4129 675 4190 undecim
700 4144 830 4212 quartas
855 4145 885 4191 et
910 4149 1007 4190 unam
1042 4141 1187 4190 octavam
1214 4130 1301 4190 curie
1325 4129 1357 4190 in
1383 4149 1416 4190 se
1441 4129 1654 4210 continentes,

390 4255 425 4296 ac
450 4249 548 4295 terras
571 4256 644 4298 suas
668 4256 782 4298 omnes
799 4237 935 4298 arabiles
959 4256 1032 4297 cum
1050 4235 1214 4313 fenilibus,
1239 4255 1381 4297 necnon
1406 4255 1519 4296 omnes
1543 4236 1654 4298 vineas

389 4361 461 4401 suas
486 4357 516 4402 et
540 4342 635 4403 silvas
659 4344 691 4403 in
709 4343 792 4414 dicta
818 4344 944 4404 civitate
962 4357 992 4404 et
1009 4343 1078 4404 eius
1094 4342 1255 4405 territorio
1272 4342 1397 4404 habitas
1414 4357 1445 4404 et
1469 4343 1651 4422 existentes,

390 4447 494 4528 ipsum
511 4448 631 4510 scilicet
649 4449 848 4532 Mychaelem
876 4449 1039 4534 Saronych
1064 4448 1185 4511 dictutn
1204 4448 1337 4529 juridice
1356 4464 1451 4530 atque
1477 4448 1651 4511 literatorie

389 4569 627 4633 concernentes,
653 4575 727 4616 cum
753 4557 894 4638 ipsarum
927 4555 1048 4617 cunctis
1073 4555 1263 4616 utilitatibus
1296 4569 1327 4616 et
1351 4555 1557 4637 pertinenciis
1581 4556 1652 4616 uni-

389 4659 487 4719 versis
511 4659 685 4722 Valentino
709 4661 807 4742 judici
833 4661 899 4722 filio
932 4682 990 4722 suo
1023 4661 1119 4722 unico
1150 4662 1416 4724 testamentaliter
1440 4662 1559 4743 legavit
1582 4682 1652 4744 per·

389 4780 486 4846 petuo
504 4767 714 4847 possidendas
730 4781 761 4829 et
779 4769 1087 4850 quomodocumque
1106 4768 1246 4830 voluerit
1263 4769 1492 4852 disponendas,
1509 4783 1540 4831 et
1556 4789 1654 4852 super

390 4872 510 4933 eisdem
536 4875 791 4954 possessionibus
823 4876 974 4937 omnibus
1007 4874 1112 4936 eidem
1138 4875 1310 4938 Valentino
1342 4875 1440 4956 judici
1465 4877 1551 4960 juxta
1581 4895 1650 4957 pre-

389 4978 506 5041 dictam
524 4982 793 5044 testamentariam
811 4983 1011 5063 legacionem
1036 4981 1134 5064 ipsius
1160 4982 1327 5045 Michaelis
1343 4983 1458 5065 judicis
1480 4983 1577 5065 patris
1601 4984 1652 5045 sui
