3832 5804
410 571 467 632 ¹5²
935 553 1022 610 Anno
1044 563 1135 630 1453.

404 765 436 826 in
461 765 621 826 territorio
646 765 782 828 civitatis
805 766 889 826 inter
911 765 1039 826 vineam
1063 765 1238 826 liberorum
1264 765 1401 826 condam
1420 765 1573 846 Stephani
1599 765 1661 825 Ko-

405 871 562 954 bylycha
595 873 793 951 meridione‚
826 887 857 934 et
889 873 970 934 inter
1001 872 1116 932 silvam
1148 872 1324 932 liberorum
1357 891 1414 932 seu
1448 890 1664 932 successorum

404 978 542 1040 condam
567 978 721 1061 Stephani
745 979 875 1040 sartoris
907 978 983 1039 dicti
1018 979 1138 1056 Ban,a
1170 977 1399 1060 septemtrione
1435 977 1589 1055 habitam,
1613 977 1665 1040 de·

404 1104 498 1167 super
522 1105 539 1146 a
564 1085 614 1146 via
639 1085 804 1146 communi
829 1099 860 1147 et
884 1083 965 1146 infra
984 1104 1085 1166 usque
1106 1084 1246 1145 rivulum
1270 1105 1303 1145 se
1328 1083 1571 1163 extendentem,
1595 1104 1665 1144 cum

403 1191 469 1252 suis
494 1191 605 1253 usibus
629 1205 660 1253 et
684 1191 890 1273 pertinenciis
914 1211 950 1253 ac
975 1191 1168 1253 utilitatibus
1199 1191 1355 1252 universis
1388 1191 1561 1252 Anthonio
1586 1191 1666 1272 agri-

405 1299 474 1361 cole
498 1296 566 1360 filio
590 1298 746 1360 Anthonii
771 1299 810 1359 de
836 1299 1018 1360 Dobowecz
1033 1317 1153 1379 genero
1171 1312 1201 1359 et
1219 1297 1319 1359 Elene
1336 1317 1392 1359 sue
1423 1298 1666 1379 consanguinee

405 1407 543 1468 consorti
568 1407 667 1489 ipsius
691 1407 848 1468 Anthonii
873 1407 1005 1469 donavit
1021 1421 1177 1488 perpetuo
1193 1406 1420 1488 possidendam
1445 1421 1475 1466 et
1495 1405 1666 1488 superinde

405 1527 451 1576 est
463 1513 523 1574 sibi
541 1514 631 1575 litera
647 1513 857 1595 privilegialis
872 1514 931 1574 sub
947 1513 1101 1594 pendenti
1119 1512 1226 1594 sigillo
1243 1512 1485 1574 communitatis
1509 1526 1665 1574 emanata.

511 1619 587 1681 ltem
621 1618 774 1682 Clemens
805 1618 997 1701 Zubachych
1034 1617 1118 1679 filius
1152 1618 1290 1680 condam
1322 1616 1452 1680 Martini
1484 1620 1597 1679 Zubalr
1627 1617 1667 1678 de

406 1725 604 1810 Gnoynycza
629 1725 789 1786 districtus
813 1725 853 1787 de
871 1723 1028 1810 Czethyn‚
1046 1725 1209 1807 quandam
1234 1725 1361 1786 vineam
1387 1744 1476 1786 suam
1502 1724 1666 1787 condicio-

404 1834 511 1895 nalem
536 1847 566 1896 et
590 1832 695 1895 fratris
720 1833 769 1895 sui
793 1833 933 1911 Andree,
958 1853 1039 1894 onus
1064 1847 1095 1895 et
1122 1853 1296 1914 gravamen
1320 1833 1464 1896 eiusdem
1489 1831 1595 1894 fratris
1618 1832 1666 1894 sui

405 1942 436 2003 in
461 1961 494 2002 se
520 1942 624 2024 ipsum
649 1940 854 2018 assumendo,
878 1941 910 2000 in
935 1940 1097 2002 territorio
1122 1955 1231 2001 nostro
1262 1941 1344 2002 inter
1366 1941 1477 2001 vineas
1500 1939 1651 2000 condicio

405 2047 493 2108 nales
517 2047 643 2108 Lucasii
668 2061 699 2108 et
724 2046 944 2124 Michaelis,a
978 2046 1169 2124 meridione‚
1194 2061 1227 2108 et
1259 2045 1407 2127 Gregorii
1440 2045 1615 2130 Agychych
1650 2066 1667 2107 a

405 2154 634 2236 septemtrione
660 2153 814 2231 habitam,
838 2153 976 2234 desuper
1000 2153 1085 2212 avia
1110 2154 1275 2214 communi
1293 2156 1332 2214 ab
1357 2152 1523 2214 occidente
1548 2153 1667 2230 habita,

408 2274 439 2321 et
463 2258 544 2320 infra
577 2279 678 2341 usque
711 2259 806 2320 aliam
832 2259 916 2320 viam
949 2278 1155 2320 communem
1180 2261 1219 2320 ab
1244 2260 1366 2321 oriente
1391 2259 1533 2320 habitam
1559 2280 1591 2318 se
1616 2279 1668 2320 ex·

405 2365 602 2443 tendentem,
621 2365 771 2426 Ladislao
795 2363 863 2425 lilio
888 2365 1025 2425 condam
1044 2365 1141 2425 Blasii
1159 2364 1435 2448 Czaranthowych
1453 2385 1492 2426 ex
1509 2385 1667 2426 consensu

405 2471 584 2533 vicinorum
609 2491 667 2554 pro
691 2485 814 2552 septem
839 2469 908 2532 llor.
933 2471 1003 2531 auri
1028 2471 1173 2533 vendidit
1198 2485 1353 2554 perpetuo
1383 2472 1611 2553 possidendam
1638 2486 1668 2532 et

404 2577 575 2659 superinde
600 2591 646 2638 est
669 2577 730 2638 sibi
755 2577 845 2638 litera
863 2578 921 2638 sub
939 2577 1091 2659 pendenti
1108 2577 1215 2658 sigillo
1241 2578 1480 2642 communitatis
1504 2593 1667 2650 emanata;

405 2683 445 2744 de
469 2703 532 2764 qua
557 2683 650 2744 vinea
676 2683 819 2744 medium
857 2682 926 2744 flor.
959 2697 1104 2765 tempore
1137 2684 1300 2746 vindemie
1325 2684 1365 2744 ad
1400 2685 1589 2745 comitatum
1614 2703 1668 2744 an-

405 2792 527 2853 nuatim
551 2810 677 2872 semper
701 2790 862 2851 tenebitur
895 2790 1091 2872 persolvere.

510 2897 586 2959 ltern
613 2917 729 2979 auceps
761 2898 873 2958 Petrus
907 2897 1040 2958 domum
1073 2917 1163 2958 suam
1197 2917 1269 2958 cum
1294 2896 1397 2959 fundo
1430 2911 1460 2958 et
1484 2896 1603 2978 (hlorto
1637 2899 1668 2958 in

405 3007 560 3067 suburbio
586 3005 721 3066 civitatis
745 3005 827 3066 inter
852 3003 988 3065 fundum
1009 3018 1039 3065 et
1059 3005 1212 3082 (mortum
1230 3005 1406 3066 liberorum
1431 3006 1570 3066 condam
1589 3004 1667 3066 Gre-

405 3112 486 3193 gorii
511 3111 686 3197 Wychecz,
703 3112 743 3172 ab
768 3111 945 3188 occidente,
969 3125 999 3170 et
1016 3110 1098 3172 inter
1114 3109 1269 3192 (hlortutn
1294 3111 1416 3193 capelle
1435 3112 1520 3172 beati
1539 3111 1668 3173 Martini

406 3218 548 3301 episcopi
581 3233 612 3279 et
643 3216 845 3296 confessoris,
879 3219 918 3278 ab
949 3217 1072 3278 oriente
1106 3215 1247 3277 habitam
1284 3231 1315 3279 et
1347 3219 1546 3297 existentem,
1571 3239 1668 3280 unam

407 3339 553 3406 quartam
578 3324 665 3385 curie
690 3325 721 3384 in
747 3344 780 3384 se
812 3323 851 3384 ad
876 3343 970 3384 usum
1003 3323 1139 3384 civitatis
1167 3323 1288 3404 prefate
1320 3325 1352 3384 in
1377 3344 1409 3384 se
1434 3325 1669 3403 continentem,

406 3451 477 3492 cum
503 3431 567 3491 suis
584 3431 788 3511 pertinenciis
805 3429 941 3490 Nicolao
958 3428 1024 3490 filio
1043 3429 1197 3490 Demetrii
1219 3430 1258 3490 de
1276 3430 1493 3513 Therztenylt,
1519 3445 1554 3494 ut
1579 3451 1665 3493 novo

407 3537 530 3598 concivi
556 3551 675 3615 nostro,
701 3556 758 3617 pro
791 3550 913 3618 septem
938 3535 1006 3597 lior.
1040 3535 1108 3596 auri
1133 3535 1302 3617 (vendidit)
1335 3557 1371 3597 ex
1397 3557 1554 3599 consensu
1587 3539 1664 3599 vici-

407 3662 522 3703 norum
553 3658 709 3724 perpetuo
734 3641 961 3724 possidendam
986 3656 1016 3703 et
1040 3642 1212 3724 superinde
1237 3656 1283 3704 est
1307 3644 1367 3704 sibi
1392 3644 1481 3704 litera
1506 3645 1565 3705 sub
1591 3664 1668 3726 pen·

407 3749 494 3810 denti
513 3749 620 3828 sigillo
643 3749 883 3810 communitatis
907 3763 1065 3811 emanata.

513 3854 590 3915 ltem
615 3854 805 3916 Valentinus
829 3854 925 3936 judex
949 3869 979 3915 et
1005 3855 1149 3938 Matbyas
1173 3855 1294 3936 juratus
1319 3855 1423 3916 dictus
1447 3841 1668 3941 Kerzdwaych

407 3982 443 4022 ac
467 3961 598 4022 domina
624 3960 719 4022 Clara
744 3980 823 4022 uxor
847 3961 1002 4041 legittima
1020 3961 1119 4042 ipsius
1136 3961 1297 4022 Valentini
1315 3962 1430 4044 judicis
1458 3964 1669 4024 commissarii

406 4082 437 4129 et
461 4083 644 4128 executores
668 4068 849 4128 testamenti
874 4067 1011 4128 verbalis
1036 4067 1173 4128 condam
1192 4068 1323 4128 domine
1350 4069 1448 4130 Lucie
1466 4070 1575 4130 relicte
1602 4075 1669 4130 An·

407 4173 509 4234 thonii
535 4172 691 4234 carnificis
717 4172 820 4234 fratris
845 4173 944 4255 ipsius
962 4173 1091 4255 Mathye
1116 4173 1220 4253 jurati,
1238 4175 1412 4256 quemdam
1430 4175 1583 4256 (hlortum
1601 4197 1671 4258 pte·

408 4277 469 4339 late
495 4279 630 4339 condam
657 4279 789 4340 domine
815 4279 911 4340 Lucie
930 4279 962 4339 in
987 4280 1142 4341 suburbio
1159 4281 1296 4343 civitatis
1325 4280 1445 4363 prefate
1470 4285 1582 4344 subtus
1600 4303 1670 4343 mu-

408 4405 479 4446 rum
516 4386 651 4446 civitatis
684 4387 764 4446 inter
797 4386 949 4466 (hlortum
982 4385 1082 4447 Elene
1116 4387 1222 4468 puelle
1255 4387 1320 4449 filie
1353 4389 1497 4450 eiusdem
1529 4390 1668 4451 condam

407 4490 564 4552 Anthonii
589 4490 756 4570 carnificis,
780 4493 819 4552 ab
837 4493 969 4569 oriente,
994 4507 1025 4552 et
1049 4493 1130 4553 inter
1147 4491 1303 4575 (h)ortum
1328 4495 1503 4557 liberorum
1528 4496 1667 4557 condam

408 4597 540 4657 Fabiani
566 4599 704 4678 agricole
730 4597 787 4659 filii
811 4597 940 4659 Thorne
964 4598 1120 4678 habitum,
1143 4601 1279 4662 Nicolao
1303 4602 1415 4662 sartori
1438 4603 1541 4684 jurato
1559 4616 1670 4664 nostro

407 4702 563 4764 moderno
588 4701 655 4765 filio
681 4704 830 4766 Damiani
864 4704 903 4765 de
929 4704 1160 4788 Htussevvycza
1194 4727 1250 4788 pro
1282 4723 1404 4789 septem
1430 4708 1499 4772 flor.
1524 4709 1672 4771 vendidit

406 4822 562 4888 perpetuo
580 4810 809 4890 possidendum
835 4825 866 4872 et
897 4811 1069 4891 superinde
1094 4827 1140 4874 est
1164 4814 1255 4876 litera
1283 4815 1343 4875 sibi
1368 4819 1427 4876 sub
1453 4815 1605 4898 pendenti
1629 4817 1670 4878 si·

405 4913 484 4991 gillo
514 4916 752 4976 communitatis
777 4931 932 4978 emanata.

930 5091 1142 5108 ’.φης-..-
