3840 5810
301 729 370 772 cum
396 709 617 771 additamento
650 709 796 790 quinque
829 708 898 770 flor.
923 709 990 771 auri
1024 709 1168 792 predicto
1201 709 1343 790 Georgio
1376 711 1561 794 agricultori

300 816 366 880 filio
392 816 479 879 Galli
503 836 561 900 pro
587 816 729 899 predicta
749 815 847 878 domo
865 829 895 878 et
920 815 1021 877 fundo
1043 837 1078 878 ac
1095 815 1251 878 hedificiis
1267 817 1333 878 suis
1356 817 1462 880 medie
1475 817 1563 880 curie

300 945 354 1006 per
377 924 512 986 modum
529 923 784 1006 permutacionis
797 936 828 985 et
845 923 1025 985 concambii
1049 923 1138 984 dedit
1155 937 1310 1006 perpetuo
1335 923 1562 1006 possidendam

300 1045 330 1094 et
353 1031 525 1114 superinde
550 1043 597 1093 est
620 1031 711 1092 litera
735 1032 795 1092 sub
820 1031 974 1113 pendenti
991 1030 1099 1112 sigillo
1117 1031 1357 1093 communitatis
1379 1031 1562 1114 privilegia·

301 1140 371 1200 liter
402 1151 559 1200 emanata.

406 1245 483 1307 ltenr
520 1243 666 1306 Thomas
698 1243 786 1306 faber
818 1243 975 1325 orlogiiex
1006 1244 1091 1306 filius
1124 1245 1206 1306 Petri
1239 1245 1402 1326 quandam
1434 1245 1560 1306 vineam

299 1373 388 1414 suam
414 1354 444 1414 in
470 1352 631 1414 territorio
656 1365 766 1413 nostro
792 1351 873 1412 inter
903 1351 1014 1412 vineas
1038 1352 1214 1413 liberorum
1249 1351 1385 1413 condam
1412 1349 1560 1432 Gregorii

299 1460 429 1522 textoris
453 1473 483 1521 et
508 1459 682 1520 liberorum
708 1458 844 1522 condam
871 1457 953 1519 Petri
980 1458 1175 1520 balneatoris
1199 1457 1351 1536 habitam,
1384 1459 1521 1540 desuper
1544 1478 1561 1518 a

299 1568 348 1627 via
380 1565 544 1627 communi
574 1565 654 1626 infra
681 1585 781 1646 usque
807 1565 956 1636 rivulum,
982 1584 1055 1626 cum
1080 1565 1219 1646 virgulto
1245 1565 1349 1625 eidem
1382 1563 1559 1642 subjacenti

299 1694 330 1734 se
347 1672 583 1750 extendentem,
608 1692 680 1733 curn
705 1671 769 1733 suis
786 1671 991 1752 pertinenciis
1013 1672 1107 1734 Petro
1132 1671 1228 1752 judici
1247 1685 1278 1732 et
1302 1671 1426 1732 concivi
1452 1683 1561 1731 nostro

300 1779 366 1842 filio
390 1781 482 1841 Pauli
508 1801 564 1862 pro
597 1795 735 1861 quatuor
766 1777 835 1842 flor.
868 1779 936 1840 auri
970 1777 1116 1840 vendidit
1147 1793 1303 1860 perpetuo
1336 1777 1562 1860 possidendam

300 1901 330 1948 et
360 1886 532 1967 superinde
551 1901 597 1948 est
614 1886 703 1948 litera
728 1886 787 1946 sub
813 1885 965 1966 pendenti
983 1885 1091 1964 sigillo
1116 1884 1356 1946 communitatis
1380 1883 1560 1965 privilegia-

300 1993 369 2055 liter
393 2007 549 2054 emanata.
1244 2074 1249 2082 ἡ

405 2101 481 2161 ltem
507 2098 672 2180 quoddam
698 2097 797 2160 fenile
821 2119 914 2161 suum
940 2119 996 2160 seu
1021 2113 1136 2160 terram
1163 2097 1300 2160 condam
1326 2097 1480 2158 arabilem
1498 2095 1560 2175 jam

301 2208 331 2268 in
357 2204 453 2268 lenile
478 2205 613 2267 omnino
639 2225 838 2285 conversam,
864 2206 895 2266 in
919 2207 1081 2268 territorio
1115 2206 1252 2267 civitatis
1275 2204 1416 2286 predicte
1442 2203 1472 2263 in
1499 2203 1558 2284 Zy-

300 2313 372 2394 geth
409 2313 491 2374 inter
524 2311 620 2374 lenile
653 2331 805 2393 magnum
842 2333 898 2374 seu
930 2327 1029 2374 terras
1060 2311 1197 2374 condam
1223 2311 1359 2372 arabiles
1392 2311 1422 2371 in
1450 2307 1560 2370 senilia

301 2439 468 2482 conversas
493 2419 624 2500 Georgii
655 2433 686 2480 et
711 2419 889 2502 Lodowyci
906 2418 1048 2481 filiorum
1078 2439 1113 2480 ac
1141 2417 1303 2480 Dorothee
1329 2417 1393 2478 filie
1415 2415 1558 2479 eiusdem

301 2525 428 2587 Thome
453 2525 560 2588 Choni
585 2539 616 2587 et
640 2529 723 2588 inter
756 2526 934 2608 predictum
967 2525 1088 2609 Zygeth
1122 2545 1157 2587 ac
1182 2545 1280 2608 penes
1311 2525 1480 2586 decursum
1505 2541 1562 2582 seu

302 2646 438 2694 meatum
465 2631 554 2694 fluvii
580 2631 820 2694 Chernomercz
838 2633 942 2694 vocati
968 2632 1113 2694 habitum
1131 2646 1162 2694 et
1179 2633 1326 2710 existens,
1352 2649 1448 2692 unam
1473 2627 1560 2688 vide·

301 2740 373 2801 licet
397 2739 516 2801 dietam
541 2753 622 2800 terre
648 2739 679 2800 in
704 2760 736 2799 se
762 2741 941 2816 continens,
977 2759 1050 2801 cum
1079 2741 1144 2801 suis
1176 2739 1381 2821 pertinenciis
1417 2739 1560 2820 predicto

301 2847 393 2908 Petro
418 2847 574 2927 Hungaro
599 2844 667 2907 filio
685 2846 775 2908 Pauli
803 2867 861 2928 pro
879 2847 971 2908 certis
988 2847 1053 2908 suis
1070 2847 1317 2929 complacenciis
1342 2845 1474 2908 donavit
1491 2866 1559 2928 per-

301 2969 397 3036 petuo
421 2953 664 3036 possidendum.

405 3061 483 3122 ltcm
508 3060 687 3143 Elyzabeth
705 3061 811 3143 Draga
828 3061 912 3123 dicta
937 3063 1045 3124 relicta
1075 3064 1133 3124 viri
1155 3063 1292 3124 condam
1317 3064 1444 3145 providi
1463 3063 1559 3124 lwani

304 3168 426 3246 decani,
450 3167 529 3228 olim
554 3168 696 3229 concivis
722 3169 832 3248 nostri,
856 3189 952 3251 super
973 3171 1112 3250 quadam
1139 3171 1237 3232 domo
1270 3185 1300 3231 et
1325 3170 1426 3232 fundo
1451 3191 1487 3232 ac
1511 3191 1560 3232 ce-

300 3273 377 3335 lario
402 3276 611 3336 subterraneo
636 3274 740 3334 eidem
766 3275 942 3354 subjacenti
968 3291 999 3338 et
1023 3275 1179 3337 hedificiis
1205 3277 1270 3338 suis
1295 3277 1325 3336 in
1352 3277 1423 3336 vico
1448 3291 1558 3337 nostro

302 3381 446 3442 exteriori
472 3401 528 3442 seu
552 3382 657 3462 platea
683 3382 935 3444 Theuthonicali
970 3383 1051 3444 inter
1075 3383 1190 3444 domos
1222 3384 1397 3444 liberorum
1423 3383 1559 3444 condam

303 3487 453 3569 Stephani
479 3489 605 3566 sutoris,
630 3489 670 3548 ab
703 3509 776 3566 una,
809 3503 896 3570 parte
919 3491 959 3550 ab
991 3489 1090 3550 altera
1122 3509 1198 3550 vero
1224 3490 1387 3551 Benedicti
1414 3490 1561 3550 similiter

300 3595 414 3656 sutoris
439 3594 580 3655 habitam
606 3609 636 3656 et
660 3596 860 3674 existentem,
887 3615 981 3656 unam
1007 3609 1152 3677 quartam
1171 3597 1257 3656 curie
1282 3597 1312 3656 in
1337 3617 1370 3656 se
1395 3597 1560 3657 continen-

301 3714 375 3778 tem,
400 3721 472 3763 cum
498 3701 563 3762 suis
587 3701 781 3763 utilitatibus
805 3715 836 3763 et
859 3703 1065 3784 pertinenciis
1099 3703 1255 3764 universis
1282 3702 1410 3764 Thome
1433 3703 1560 3764 literato

304 3805 370 3867 filio
395 3805 493 3868 Blasii
519 3807 558 3867 de
583 3807 783 3886 Nouozelch,
812 3829 897 3869 novo
930 3809 1053 3870 concivi
1080 3823 1199 3886 nostru,
1224 3829 1282 3888 pro
1300 3824 1373 3870 octo
1399 3808 1467 3870 flor.
1493 3809 1560 3868 auri

301 3912 443 3973 vendidit
467 3927 623 3994 perpetuo
648 3914 874 3996 possidendam
894 3929 925 3977 et
948 3916 1120 3996 superinde
1143 3930 1188 3977 est
1206 3917 1296 3978 litera
1321 3917 1380 3976 sub
1406 3915 1558 3996 pendenti

300 4020 405 4100 sigillo
430 4021 671 4082 communitatis
696 4035 852 4084 emanata.

313 4165 315 4171 ·
404 4125 483 4188 ltem
507 4139 574 4189 tota
599 4127 725 4206 domus,
760 4127 889 4206 fundus,
922 4129 1074 4189 celarium
1101 4143 1131 4190 et
1162 4127 1309 4190 hedificia
1343 4128 1449 4188 medie
1475 4127 1559 4186 curie

312 4233 426 4294 nvico
452 4233 600 4294 exteriori
625 4253 681 4294 seu
714 4233 817 4314 platea
848 4235 1101 4296 Theuthonicali
1135 4235 1216 4297 inter
1248 4236 1364 4296 domos
1389 4249 1418 4296 et
1443 4233 1560 4294 fundos

298 4339 438 4400 virorum
463 4339 673 4422 providorum
700 4340 827 4424 Mathye
852 4341 944 4422 jurati
971 4357 1001 4403 et
1023 4341 1131 4403 Gurak
1156 4343 1283 4420 sutoris,
1308 4344 1347 4402 ab
1372 4362 1446 4419 una,
1471 4355 1558 4422 parte

300 4447 338 4506 ab
362 4444 461 4508 altera
486 4464 563 4506 vero
588 4447 717 4508 Martini
743 4461 774 4507 et
800 4447 968 4509 Laurencii
988 4448 1064 4509 dicti
1090 4449 1205 4509 lanselt
1230 4449 1378 4510 similiter
1413 4461 1558 4508 sutorum

299 4550 405 4612 habita
429 4564 461 4613 et
485 4553 633 4630 existens,
658 4553 799 4615 mediam
817 4555 938 4615 curiam
965 4555 996 4616 in
1021 4576 1054 4616 se
1072 4555 1250 4630 continens,
1276 4575 1348 4616 cum
1373 4555 1439 4616 suis
1464 4557 1559 4636 perti·

299 4657 418 4718 nenciis
442 4657 593 4720 Ladialao
617 4659 716 4720 sutori
742 4657 812 4721 filio
838 4660 921 4721 Petri
948 4661 1096 4742 Fudrycz
1129 4682 1185 4743 per
1209 4662 1435 4724 vendicionem
1461 4662 1559 4724 Blasii

299 4766 424 4843 sutoris,
450 4765 574 4842 decani,
599 4764 656 4826 filii
683 4767 837 4848 Stephani
863 4781 893 4828 et
917 4787 974 4847 per
1002 4768 1215 4829 donacionem
1242 4769 1349 4830 uxoris
1373 4789 1428 4830 sue
1446 4769 1560 4830 Vrsule

303 4885 348 4930 est
371 4871 615 4954 privilegialiter
638 4886 754 4935 statuta
785 4888 943 4956 perpetuo
975 4874 1168 4956 possidenda
1194 4888 1224 4936 et
1255 4875 1428 4957 superinde
1454 4891 1499 4936 est
1523 4876 1558 4936 li-

301 4989 364 5038 tera
389 4978 448 5038 sub
472 4978 625 5061 pendenti
651 4979 759 5061 sigillo
785 4981 1024 5043 communitatis
1049 4995 1205 5043 emanata.
