3840 5810
936 529 1021 584 Anno
1044 539 1136 604 1442.

500 739 577 800 Item
593 738 745 798 dominus
762 738 915 799 Nicolaus
932 739 1087 820 presbiter
1105 738 1261 819 plebanus
1275 737 1387 797 unicus
1402 736 1536 798 ecclesie
1553 751 1659 797 nostre

393 844 586 926 parochialis
611 845 695 906 beati
721 845 818 905 Marci
859 843 1065 926 ewangeliste
1099 844 1261 925 quandam
1290 844 1416 905 vineam
1442 844 1585 925 predicte
1609 862 1659 905 ec·

394 950 489 1012 clesie
514 963 620 1011 nostre
638 950 669 1011 in
694 951 855 1012 territorio
873 951 1010 1012 civitatis
1030 951 1112 1012 inter
1131 951 1240 1012 vineas
1266 951 1355 1012 Pauli
1374 949 1467 1030 jurati
1492 963 1523 1011 et
1548 956 1657 1029 Augu·

394 1057 466 1118 atini
492 1057 585 1138 jurati
610 1058 685 1118 dieti
713 1059 834 1136 Kusne,
860 1059 1042 1120 concivium
1076 1073 1271 1135 nostrorum,
1298 1057 1451 1136 habitam,
1476 1057 1613 1138 desuper
1638 1075 1655 1118 a

393 1164 443 1224 via
468 1165 632 1226 communi
658 1178 688 1225 et
713 1163 793 1226 inira
817 1185 918 1246 usque
942 1163 1093 1243 rivulum,
1118 1184 1190 1225 cum
1215 1163 1355 1244 virgulto
1379 1163 1438 1224 sibi
1475 1164 1650 1245 subjacenti

395 1291 428 1333 se
453 1271 690 1349 extendentem,
716 1269 858 1352 Georgio
890 1271 1029 1351 agricole
1060 1270 1128 1332 filio
1154 1271 1243 1332 Pauli
1277 1285 1307 1331 et
1331 1289 1484 1351 pereum
1511 1270 1658 1330 Barnabe

394 1391 424 1437 et
448 1376 607 1458 Gregorio
633 1376 706 1438 filiis
730 1378 796 1438 suia
819 1379 878 1438 sub
910 1397 1007 1439 censu
1041 1378 1119 1438 sexti
1145 1377 1254 1438 eubuli
1287 1377 1354 1438 vini
1379 1376 1454 1437 novi
1479 1395 1537 1437 seu
1562 1375 1655 1436 musti

401 1483 460 1565 ipsi
486 1484 619 1544 ecclesie
644 1499 674 1544 et
709 1484 886 1545 rectoribus
917 1484 982 1544 suis
1014 1504 1071 1566 pro
1104 1497 1249 1566 tempore
1281 1483 1460 1546 constitutis
1491 1482 1655 1543 annuatim

399 1609 526 1672 semper
545 1590 776 1672 proveniendo,
794 1611 831 1652 ex
848 1609 1005 1651 consensu
1030 1605 1060 1651 et
1077 1590 1272 1652 admissione
1289 1591 1392 1652 tocius
1416 1588 1656 1650 communitatis

396 1697 485 1758 dedit
517 1712 672 1779 perpetuo
705 1697 931 1774 possidendam
965 1711 996 1758 et
1023 1697 1196 1778 superinde
1228 1711 1274 1758 est
1298 1697 1388 1758 litera
1421 1697 1479 1756 sub
1504 1694 1655 1777 pendenti

393 1803 500 1884 sigillo
525 1805 766 1865 communitatis
790 1803 1034 1885 privilegialiter
1058 1817 1216 1866 emanata.

499 1910 575 1971 ltem
601 1909 742 1991 prelatus
767 1910 919 1971 dominus
943 1910 1097 1971 Nicolaus
1129 1909 1284 1991 presbiter
1318 1908 1475 1990 plebanus
1499 1907 1582 1970 dicte
1606 1927 1655 1968 ec-

391 2017 486 2078 clesie
512 2031 617 2078 nostre
642 2016 834 2098 parochialis
870 2017 1032 2098 quandam
1059 2017 1192 2078 domum
1218 2029 1375 2078 muratam
1401 2016 1500 2097 ipsius
1524 2015 1655 2077 ecclesie

391 2137 497 2184 nostre
522 2123 715 2205 parochialia
752 2143 824 2184 cum
858 2122 960 2184 lando
994 2137 1024 2184 et
1056 2121 1212 2184 hedificiis
1244 2123 1274 2183 in
1308 2123 1391 2184 dicta
1416 2123 1541 2184 civitate
1574 2122 1656 2183 inter

391 2229 506 2290 domos
531 2230 653 2309 ligneas
677 2231 818 2290 virorum
839 2229 1049 2311 providorum
1076 2229 1211 2290 Fabiani
1228 2229 1321 2310 jurati
1340 2242 1371 2290 et
1387 2229 1512 2290 Nicolai
1530 2228 1654 2310 judicis,

390 2355 425 2396 ac
451 2337 482 2396 in
508 2349 595 2418 parte
620 2336 770 2396 anteriori
797 2335 913 2396 domus
946 2349 1069 2397 mutate
1102 2351 1134 2396 et
1164 2333 1254 2397 fundi
1288 2335 1432 2398 eiusdem
1458 2335 1583 2396 Nicolai
1607 2334 1653 2414 ju-

390 2442 479 2518 dicis,
504 2463 520 2503 a
546 2455 634 2523 parte
659 2443 709 2503 vie
745 2443 938 2519 communis,
971 2441 1124 2520 habitam,
1151 2461 1247 2503 unam
1280 2457 1426 2503 octavam
1451 2442 1538 2503 curie
1564 2442 1595 2502 in
1621 2461 1654 2502 se

390 2549 620 2624 continentem,
645 2567 700 2628 per
725 2548 862 2609 condam
889 2547 1024 2608 Paulum
1050 2547 1197 2609 Thothar
1235 2549 1377 2630 predicte
1411 2548 1543 2610 ecclesie
1568 2548 1653 2628 lega-

389 2667 467 2732 tam,
490 2674 527 2714 ex
552 2673 711 2714 consensu
727 2654 830 2714 tocius
847 2655 1088 2716 communitatis
1121 2656 1265 2736 predicto
1282 2655 1418 2717 Nicolao
1435 2654 1532 2734 judici
1562 2655 1654 2717 certis

391 2761 708 2841 racionabilibusque
734 2760 773 2821 de
799 2761 900 2821 causis
926 2761 956 2821 itt
978 2761 1074 2838 vlitera
1093 2761 1286 2844 privilegiali
1311 2763 1484 2844 superinde
1508 2761 1653 2823 confecta

389 2883 419 2928 et
444 2881 600 2944 emanata,
626 2887 683 2948 pro
709 2867 819 2928 decem
845 2866 913 2928 flor.
946 2869 1013 2928 auri
1050 2868 1196 2930 vendidit
1228 2883 1383 2951 perpetuo
1422 2868 1650 2952 possidendam

391 2988 421 3034 et
443 2973 614 3054 superinde
639 2988 685 3034 est
708 2973 798 3035 litera
823 2974 881 3034 sub
911 2973 1064 3054 pendenti
1098 2975 1205 3055 sigillo
1227 2975 1470 3056 privilegialiter
1495 2989 1652 3038 emanata.

495 3079 572 3140 ltem
598 3079 751 3140 Nicolaus
775 3079 870 3160 judex
894 3079 979 3140 filius
1003 3081 1087 3142 Petri
1112 3081 1274 3162 quandam
1300 3081 1434 3142 domum
1459 3101 1550 3143 suam
1578 3102 1650 3143 cum

390 3185 489 3248 lundo
514 3200 545 3247 et
568 3185 725 3248 hedificiis
750 3187 781 3247 in
807 3187 890 3248 dicta
915 3188 1042 3248 civitate
1069 3188 1151 3249 inter
1180 3188 1275 3250 aliam
1302 3189 1435 3250 domum
1461 3203 1491 3250 et
1515 3188 1651 3250 fundum

393 3313 498 3369 suum,
523 3313 559 3353 ac
585 3293 665 3354 inter
689 3293 822 3353 domum
856 3307 886 3354 et
910 3291 1047 3354 fundum
1081 3293 1235 3354 lobannis
1266 3296 1406 3374 sartoris,
1431 3294 1525 3376 jurati
1552 3296 1650 3356 nostri

391 3399 537 3460 moderni
564 3413 593 3460 et
617 3400 792 3460 liberorum
818 3399 955 3460 condam
989 3399 1142 3481 Stephani
1169 3401 1310 3462 Farkasii
1345 3403 1491 3463 canonici
1517 3402 1650 3463 ecclesie

390 3507 605 3587 zagrabiensis
642 3506 794 3584 habitam,
819 3506 958 3566 mediam
992 3507 1112 3567 curiam
1143 3508 1174 3567 in
1200 3528 1231 3568 se
1257 3507 1488 3586 continentem,
1514 3509 1651 3569 Martino

388 3614 500 3674 sartori
525 3612 592 3674 filio
619 3613 728 3690 Marci,
754 3613 878 3674 concivi
905 3627 1024 3689 nostr0,
1056 3614 1203 3675 vendidit
1235 3629 1391 3696 perpetuo
1423 3615 1650 3697 possidendam

387 3736 418 3782 et
441 3721 612 3802 superinde
637 3733 682 3781 est
707 3721 797 3781 litera
822 3721 881 3780 sub
905 3719 1057 3800 pendenti
1081 3721 1187 3801 sigillo
1205 3721 1445 3782 communitatis
1469 3722 1650 3804 privilegia·

387 3827 459 3888 liter
489 3841 647 3889 emanata.

493 3933 572 3996 ltem
598 3953 637 3996 ex
660 3934 896 3994 testamentaria
920 3935 1085 4015 legacione
1103 3933 1250 4014 Gregorii
1283 3934 1374 4014 iurati
1401 3933 1457 3994 lilii
1484 3935 1648 3996 Benedicti

386 4040 518 4122 quidam
545 4039 680 4122 (h)ortus
703 4061 779 4102 suus
803 4041 911 4102 totalis
936 4061 1007 4102 cum
1041 4043 1167 4102 stabulo
1196 4057 1226 4103 et
1258 4041 1382 4122 (hloreo
1407 4061 1466 4102 suo
1490 4041 1580 4102 totali
1619 4042 1649 4102 in

386 4147 542 4207 suburbio
568 4146 704 4208 civitatis
729 4147 810 4208 inter
827 4146 961 4226 (h)ortos
986 4148 1160 4208 liberorum
1180 4148 1308 4210 Berend
1325 4161 1355 4210 et
1379 4148 1556 4209 liberorum
1576 4168 1650 4209 con·

389 4255 461 4314 dam
489 4253 667 4314 Sebastiani
686 4253 841 4314 Zedinieh
858 4273 959 4334 usque
977 4253 1110 4314 fluvium
1128 4275 1160 4314 se
1178 4253 1363 4332 extendens,
1381 4274 1453 4316 cum
1474 4255 1539 4315 suis
1556 4255 1651 4336 perti·

390 4360 512 4420 neneiis
536 4359 666 4420 domine
701 4359 874 4420 Scolastice
906 4360 997 4420 aliter
1029 4361 1127 4421 Ztana
1156 4373 1266 4422 vocate
1299 4361 1407 4421 relicte
1445 4359 1545 4442 ipsius
1571 4359 1650 4422 Gre-

386 4466 468 4546 gorii
495 4464 588 4546 jurati
613 4479 659 4527 est
684 4466 925 4546 privilegialitet
945 4465 1151 4527 confirmatus
1176 4481 1206 4526 et
1223 4466 1393 4548 superinde
1419 4480 1465 4528 est
1484 4467 1575 4528 litera
1592 4467 1651 4526 sub

384 4572 491 4652 sigillo
516 4572 754 4633 communitatis
780 4572 1022 4653 privilegialiter
1047 4587 1204 4635 emanata.

490 4677 567 4738 ltem
601 4678 793 4740 Benedictus
826 4692 927 4740 sartor
957 4677 1042 4740 lilius
1077 4679 1259 4758 Michaelis,
1292 4679 1413 4760 juratus
1447 4695 1477 4740 et
1511 4679 1651 4741 concivis

386 4799 505 4864 noster,
531 4786 693 4866 quandam
720 4785 853 4846 domum
871 4805 961 4846 suam
986 4799 1144 4846 muratam
1162 4787 1258 4846 simul
1283 4805 1355 4847 cum
1374 4785 1482 4847 fundis
1507 4800 1538 4848 et
1561 4785 1651 4847 hedi-

384 4890 464 4952 ficiis
488 4905 553 4954 tam
579 4893 676 4973 lignei
702 4912 799 4974 quam
823 4893 942 4974 lapidei
972 4893 1077 4974 operis
1099 4891 1203 4954 eidem
1235 4894 1470 4975 pertinentibus
1494 4894 1650 4954 universis

387 4999 417 5060 in
443 4999 527 5060 dicta
552 5001 676 5061 civitate
703 5001 785 5062 inter
810 5000 924 5061 domos
949 5014 979 5062 et
1005 4998 1121 5060 fundos
1150 4999 1324 5062 liberorum
1351 4999 1489 5061 condam
1516 4999 1648 5082 Georgii
