3816 5802
828 491 914 546 Am
935 479 1028 566 '1445-
1509 499 1545 568 '55

284 715 383 779 prope
408 695 514 760 forum
539 697 683 761 eiusdem
708 699 845 762 civitatis
880 701 962 762 inter
995 699 1128 762 domum
1154 702 1364 763 consimiliter
1389 715 1544 764 muratam

284 802 446 864 Valentini
471 804 564 884 jurati
587 803 644 866 filii
670 806 837 868 Michaelis
862 805 1039 889 Saronych,
1068 811 1107 868 ab
1133 808 1311 884 occidente,
1336 823 1366 869 et
1392 809 1472 869 inter
1490 808 1546 870 do·

283 927 372 971 mum
397 909 538 991 ligneam
563 924 594 974 et
617 909 752 973 fundum
778 933 815 974 ac
839 914 1015 975 stacionem
1041 913 1181 994 ligneam
1208 914 1337 996 Mathye
1361 915 1490 977 sartoris
1507 917 1546 976 ab

282 1016 406 1080 oriente
442 1016 548 1080 habita
591 1033 621 1082 et
656 1021 828 1100 existente,
872 1020 1012 1082 mediam
1046 1021 1166 1082 curiam
1207 1021 1238 1081 in
1278 1041 1311 1083 se
1350 1021 1545 1096 continente,

282 1124 457 1186 stacionem
482 1123 632 1187 videlicet
655 1145 744 1188 suam
771 1142 929 1188 muratam
954 1127 1036 1189 inter
1064 1127 1204 1188 hostium
1229 1146 1285 1188 seu
1310 1141 1434 1209 portam
1460 1128 1542 1188 eius-

283 1229 356 1292 dem
382 1231 497 1293 domus
521 1245 646 1294 murate
670 1233 711 1294 ab
735 1233 902 1295 occidente
927 1233 1083 1312 habitum,
1107 1253 1143 1294 ac
1172 1235 1252 1295 inter
1276 1234 1450 1295 stacionem
1476 1251 1545 1294 mu·

283 1351 384 1400 ratam
408 1338 537 1400 Martini
563 1337 679 1420 judicis
696 1339 796 1402 nostri
821 1337 980 1418 moderni,
1001 1341 1040 1401 ab
1058 1339 1181 1402 oriente
1204 1339 1357 1418 habitam,
1381 1341 1438 1422 ipsi
1458 1341 1544 1402 vide-

282 1445 357 1508 licet
382 1445 505 1508 Briccio
530 1445 634 1526 jurato
659 1464 718 1528 pro
742 1447 837 1508 certis
854 1446 971 1508 debitis
994 1447 1068 1524 suis,
1088 1447 1206 1528 quibus
1231 1445 1404 1507 Katherioa
1430 1447 1545 1507 mulier

282 1552 391 1614 relicta
423 1551 560 1614 condam
593 1553 680 1614 Luce
713 1553 828 1616 Croaci
860 1551 1020 1616 debitorie
1056 1553 1280 1635 obligabatur,
1313 1553 1462 1614 videlicet
1486 1572 1544 1634 pro

282 1658 392 1720 decem
419 1673 449 1720 et
473 1677 591 1720 novem
608 1657 677 1724 flor.
701 1659 769 1721 auri
794 1659 927 1740 juridice
945 1673 976 1720 et
999 1659 1123 1742 justicia
1141 1659 1302 1720 mediante
1325 1679 1383 1741 pro
1408 1658 1456 1720 sui
1474 1677 1544 1740 pet-

281 1765 446 1826 soluciooe
471 1779 502 1826 et
526 1767 772 1828 contentacione
789 1765 886 1827 vendi
906 1767 1123 1844 commissam,
1140 1763 1264 1848 prelato
1282 1767 1421 1827 Martino
1446 1765 1542 1844 judici

281 1889 339 1954 pto
363 1871 484 1933 eisdem
510 1871 621 1936 decem
646 1885 676 1933 et
700 1892 818 1935 norem
842 1872 912 1934 flor.
936 1873 1006 1934 auri
1030 1873 1177 1935 vendidit
1193 1886 1349 1954 perpetuo
1377 1871 1543 1954 possiden-

281 1975 355 2038 dam
380 1991 411 2039 et
434 1977 607 2059 superinde
624 1993 671 2040 est
694 1977 785 2040 litera
810 1979 869 2040 sub
886 1979 1039 2061 pendenti
1057 1979 1163 2061 sigillo
1181 1979 1420 2040 communitatis
1436 1978 1540 2040 eidem

282 2084 420 2146 Martino
443 2083 542 2164 judici
567 2085 809 2167 privilegialiter
833 2084 977 2148 coniecta
1002 2099 1033 2148 et
1060 2099 1216 2148 emanata.

387 2190 463 2252 ltem
490 2191 642 2252 dominus
666 2191 819 2254 Nicolaus
843 2193 1000 2274 presbiter
1013 2171 1181 2274 'plebanus
1205 2191 1338 2254 ecclesie
1364 2186 1470 2252 nostre
1488 2210 1542 2271 pa-

282 2297 431 2359 rochialis
455 2298 538 2358 beati
565 2297 663 2360 Marci
688 2298 905 2381 ewangeliste,
931 2298 1094 2380 quandam
1128 2299 1255 2360 vineam
1280 2317 1370 2358 suam
1396 2297 1426 2357 in
1453 2297 1541 2358 terri-

280 2403 364 2465 torio
388 2403 524 2464 civitatis
548 2403 691 2486 predicte
728 2425 765 2466 ex
791 2417 925 2486 utraque
957 2419 1046 2486 parte
1072 2405 1154 2466 inter
1185 2406 1296 2466 vineas
1321 2403 1451 2486 Mathye
1475 2423 1540 2464 car-

280 2509 381 2572 nificis
404 2510 498 2592 jurati
534 2509 687 2590 habitam,
711 2511 816 2574 eidem
842 2511 971 2594 Mathye
996 2511 1099 2592 jurato
1123 2531 1181 2594 pro
1199 2531 1252 2572 sex
1277 2510 1346 2572 flor.
1371 2510 1438 2570 auri
1464 2531 1538 2572 ven-

277 2617 358 2679 didit
389 2631 545 2700 petpetuo
576 2619 804 2700 possidendam
838 2631 868 2678 et
898 2617 1071 2699 superinde
1103 2633 1149 2679 est
1180 2617 1270 2680 litera
1302 2619 1361 2680 sub
1386 2617 1539 2700 pendenti

276 2722 382 2804 sigillo
407 2724 648 2786 communitatis
676 2739 832 2787 emanata.

381 2829 458 2892 ltem
484 2830 622 2894 Barbara
647 2831 763 2892 mulier
787 2830 850 2893 filia
876 2831 1013 2892 condam
1039 2829 1163 2912 Gaspar
1190 2831 1305 2892 literati
1343 2851 1422 2892 uxor
1447 2829 1538 2912 legit·

276 2935 353 2997 tima
378 2935 509 3018 Georgii
535 2937 626 2998 aliter
648 2933 776 2999 Juricza
801 2939 916 3016 vocati,
941 2937 1146 2998 medietatem
1172 2937 1312 3020 predicte
1336 2937 1463 3016 domus,
1480 2939 1537 2998 sci-

277 3041 351 3104 licet
375 3057 498 3104 murate
532 3057 562 3105 et
594 3041 697 3122 lundi,
729 3043 836 3106 celarii
868 3043 1016 3106 similiter
1047 3043 1163 3106 murati
1187 3057 1218 3104 et
1241 3041 1464 3104 hedificiorum
1497 3041 1536 3102 de

276 3147 340 3210 alto
365 3161 395 3211 et
419 3151 523 3228 basso,
547 3169 564 3212 a
590 3165 678 3232 parte
702 3150 850 3213 orientali
869 3150 1022 3227 habitam,
1046 3149 1186 3211 mediam
1207 3150 1328 3211 curiam
1355 3150 1386 3209 in
1411 3169 1443 3210 se
1461 3167 1536 3209 con-

275 3255 441 3334 tinentem,
466 3254 590 3339 prefato
615 3256 755 3318 Martino
771 3256 869 3336 judici
896 3271 1004 3319 nostro
1022 3257 1180 3318 moderno
1197 3275 1255 3338 pro
1280 3255 1418 3336 quadam
1437 3254 1536 3314 domo

275 3382 330 3424 sua
356 3363 463 3445 lignea
487 3377 518 3426 et
541 3383 599 3445 pro
624 3362 845 3425 additamento
872 3363 1106 3445 quinquaginta
1131 3363 1199 3424 flor.
1224 3362 1292 3423 auri
1318 3361 1407 3422 dedit
1424 3379 1535 3442 perpe-

274 3484 330 3532 tuo
363 3469 590 3552 possidendam
616 3482 646 3530 et
677 3470 848 3552 superinde
872 3483 917 3530 est
941 3469 1031 3531 litera
1056 3471 1115 3530 sub
1139 3467 1291 3550 pendenti
1316 3467 1423 3546 sigillo
1448 3485 1534 3526 com-

275 3575 440 3638 munitatis
463 3589 621 3639 emanata.

326 3815 408 3887 ltem
436 3813 468 3886 in
498 3815 584 3887 lesto
613 3811 867 3886 Purificacionis
900 3813 996 3886 beate
1034 3833 1166 3903 semper
1195 3813 1338 3900 virginis
1366 3811 1480 3881 Maris.

794 3971 836 4040 (2.
852 3969 1030 4044 salmaria).

379 4109 456 4171 ltem
483 4109 606 4190 Agatha
633 4110 748 4172 mulier
780 4109 888 4171 relicta
921 4107 1057 4170 condam
1084 4107 1276 4169 Baltbasaris
1307 4107 1363 4167 lilii
1396 4108 1533 4168 condam

275 4215 429 4276 lobannis
452 4215 646 4295 stacionarii,
671 4235 755 4278 nunc
780 4235 912 4278 consors
928 4215 1085 4298 legittima
1108 4215 1273 4276 Benedicti
1299 4215 1452 4274 institoris
1476 4213 1532 4274 filii

274 4321 413 4399 Andree,
438 4323 469 4383 in
494 4342 551 4384 sua
576 4336 606 4384 et
632 4321 779 4403 Gregorii
797 4321 854 4384 filii
880 4341 915 4384 ac
941 4322 1041 4383 Elene
1058 4319 1135 4398 filie,
1159 4341 1303 4398 suorum,
1328 4341 1364 4381 ex
1390 4320 1532 4402 predicto

275 4429 456 4491 Balthasate
480 4429 635 4510 legittime
659 4429 818 4512 progeniti
837 4443 868 4491 et
892 4443 1056 4510 procreate
1085 4429 1239 4510 personis,
1258 4428 1337 4488 duas
1362 4427 1531 4508 porciones

274 4555 328 4597 seu
353 4549 459 4618 partes
483 4535 649 4597 cuiusdam
673 4550 754 4597 terre
779 4535 911 4597 arabilis
940 4535 971 4596 in
997 4555 1110 4617 campo
1126 4535 1262 4596 civitatis
1285 4535 1426 4616 predicte
1452 4535 1532 4594 iuter

274 4641 433 4722 quendam
459 4641 592 4703 fluvium
619 4641 846 4726 Kalinowycza
864 4657 1012 4703 vocatum
1031 4657 1061 4702 et
1083 4643 1163 4702 inter
1187 4641 1350 4721 quoddam
1378 4638 1529 4700 fossatum

274 4761 402 4829 aparte
426 4761 507 4809 terre
531 4747 660 4809 arabilis
676 4748 848 4830 Augustini
878 4746 1034 4810 carnificis
1058 4747 1132 4807 dicti
1151 4747 1260 4807 Kusne
1286 4761 1316 4807 et
1340 4765 1430 4806 secus
1447 4747 1530 4806 viam

274 4872 479 4916 communem
503 4855 543 4916 ab
567 4854 690 4916 oriente
716 4854 834 4932 habite,
860 4853 960 4936 ipsam
985 4853 1143 4935 Agatham
1170 4872 1241 4914 cum
1267 4851 1397 4934 prefatis
1425 4853 1531 4934 pueris

275 4959 337 5022 auia
361 4979 378 5022 a
403 4959 547 5044 predicto
564 4959 747 5022 Balthasare
769 4959 837 5040 jure
855 4959 1049 5022 hereditario
1067 4973 1305 5038 concernentes,
1329 4979 1401 5021 cum
1421 4979 1529 5022 earum
