3840 5810
807 570 1006 646 Ann01441.
1504 587 1518 647 5

254 785 323 846 neis
348 784 380 845 in
405 783 518 846 eadem
547 783 647 845 domo
672 783 779 860 lignea
796 782 923 862 habitis,
948 804 983 846 ac
1004 803 1077 846 curn
1096 782 1197 844 iundo
1221 781 1313 844 totali
1339 780 1444 843 eidem
1461 783 1521 842 sub

254 905 284 953 et
308 889 466 972 adjacenti
492 909 549 952 seu
573 889 793 952 circumstanti
826 890 859 952 in
893 890 1020 952 civitate
1052 889 1195 974 predicta
1228 890 1309 951 inter
1333 889 1519 971 porcionem

254 997 371 1059 domus
395 1011 518 1059 murare
543 1010 574 1058 et
596 997 706 1060 celarii
737 1015 774 1058 ac
799 995 902 1076 fundi,
925 997 1113 1080 porcionem
1147 995 1268 1060 scilicet
1293 997 1431 1058 Barbare
1455 994 1520 1056 iilie

254 1103 390 1166 condam
417 1102 541 1186 Gaspar
563 1103 681 1166 literati
706 1101 764 1165 filii
788 1103 907 1166 Cosme
945 1103 1096 1168 aurifabri
1122 1123 1206 1166 nunc
1230 1102 1388 1165 consortis
1413 1101 1517 1164 lurice

254 1210 380 1290 Croaci,
397 1225 427 1272 et
445 1208 609 1272 Benedicti
618 1209 759 1289 sartoris,
769 1209 874 1292 jurati,
888 1211 1006 1291 habita,
1025 1212 1165 1274 mediam
1183 1211 1304 1272 curiam
1322 1209 1353 1270 in
1371 1228 1403 1269 se
1418 1209 1518 1270 conti-

254 1337 342 1395 nens,
367 1317 498 1400 Mathye
521 1317 647 1395 sartori,
664 1317 768 1398 jurato
792 1331 902 1378 nostro
926 1316 1085 1380 moderno
1102 1315 1170 1380 filio
1188 1315 1318 1399 Mathye
1342 1331 1373 1378 et
1399 1314 1518 1377 Kathe-

253 1423 321 1484 rine
345 1422 409 1484 filie
430 1443 487 1485 sue
504 1422 537 1484 in
553 1423 742 1506 porcionem
762 1443 873 1485 eorum
892 1423 1118 1486 divisionalem
1136 1423 1229 1485 cessit
1245 1437 1401 1506 perpetuo
1418 1422 1518 1505 possi-

253 1529 357 1591 denda
392 1543 423 1591 et
454 1529 628 1612 superinde
660 1543 707 1591 est
737 1529 829 1592 litera
862 1531 922 1592 sub
954 1531 1108 1614 pendenti
1140 1529 1248 1612 sigillo
1278 1509 1519 1592 communitatis

253 1651 410 1699 emanata.

357 1743 434 1805 ltem
461 1741 628 1806 Michaelis
651 1743 831 1806 Sebastiani
856 1742 941 1806 filius
965 1744 1159 1806 Benedictus
1195 1744 1357 1826 quandam
1382 1743 1516 1805 domum

251 1869 341 1911 suam
366 1850 507 1932 ligneam
532 1849 629 1912 simul
653 1869 726 1912 cunt
745 1851 864 1914 celario
888 1852 1099 1914 subterraneo
1123 1865 1153 1912 et
1171 1849 1274 1913 fundo
1299 1871 1334 1913 ac
1359 1849 1517 1912 hedificiis

252 1957 434 2019 incivitate
469 1957 611 2040 predicta
644 1957 676 2019 in
709 1957 874 2020 vicinitate
910 1958 1027 2020 domus
1059 1957 1168 2020 relicte
1200 1957 1337 2020 condam
1363 1955 1516 2039 Stephani

251 2065 378 2126 sartoris
411 2064 478 2125 Ban
504 2063 580 2126 dicti
613 2077 643 2126 et
675 2065 743 2125 vias
775 2085 831 2126 seu
866 2067 989 2148 plateas
1020 2085 1210 2128 communes
1241 2065 1394 2144 habitam,
1419 2084 1515 2126 unam

252 2173 408 2253 integram
433 2173 556 2234 curiam
580 2173 612 2234 in
637 2193 669 2234 se
695 2173 925 2252 continentem,
951 2172 1118 2235 Anthonio
1147 2173 1254 2234 clienti
1279 2171 1347 2234 lilio
1371 2171 1516 2255 Radych,

252 2299 338 2341 novo
363 2280 487 2342 concivi
513 2293 633 2359 nostro,
665 2279 811 2341 vendidit
845 2293 1001 2364 perpetuo
1030 2281 1259 2363 possidendam
1289 2295 1319 2342 et
1342 2279 1515 2364 superinde

252 2401 297 2448 est
320 2387 411 2449 litera
435 2389 494 2448 sub
519 2386 672 2480 pendenti
697 2387 805 2468 sigillo
831 2387 1074 2449 communitatis
1098 2401 1258 2449 emanata.

357 2494 434 2556 ltem
461 2493 605 2556 Marinus
629 2493 727 2575 judex
751 2491 837 2556 filius
865 2494 977 2556 Klario
1010 2495 1173 2576 quandam
1199 2493 1326 2556 vineam
1351 2493 1514 2556 condicio-

250 2601 355 2662 nalem
381 2604 440 2663 sub
465 2620 562 2662 censu
586 2621 640 2662 sex
666 2601 859 2663 cubulorum
878 2601 944 2662 vini
971 2601 1047 2663 novi
1072 2622 1128 2664 seu
1148 2602 1244 2663 musti
1258 2601 1397 2664 claustro
1413 2601 1513 2662 sancti

250 2707 411 2778 Francisci
435 2708 476 2770 de
500 2707 614 2769 eadem
640 2708 732 2769 vinea
765 2708 930 2770 annuatim
963 2727 1090 2790 semper
1116 2707 1342 2792 persolvendo,
1367 2707 1399 2768 in
1424 2707 1512 2768 terri·

248 2813 332 2876 torio
357 2814 495 2876 civitatis
519 2827 606 2876 extra
631 2815 756 2876 Novam
782 2829 908 2896 portam
941 2815 1085 2876 eiusdem
1119 2815 1256 2877 civitatis
1279 2815 1361 2876 inter
1384 2813 1511 2875 vineam

249 2919 424 2982 liberorum
448 2921 586 2982 condam
611 2919 718 2983 Choni
735 2920 862 3002 judicis,
887 2923 927 2983 ab
952 2941 1026 3000 una,
1045 2935 1133 3003 parte
1158 2922 1197 2982 ab
1221 2919 1320 2982 altera
1337 2939 1413 2981 vero
1432 2919 1513 2982 inter

247 3027 375 3088 vineam
398 3027 547 3089 similiter
570 3027 746 3090 liberorum
771 3027 910 3089 condam
937 3027 1070 3110 Georgii
1100 3025 1252 3108 lutifiguli
1277 3026 1432 3104 habitam,
1449 3045 1512 3108 que

247 3133 390 3215 magistri
416 3133 589 3196 Alexandri
613 3133 728 3217 phisici
760 3133 932 3216 prefuerat,
964 3135 997 3196 in
1029 3153 1165 3218 persona
1198 3132 1343 3195 eiusdem
1367 3131 1509 3213 magistri

245 3239 433 3302 Allexandri
457 3241 680 3322 procuratorio
698 3241 830 3302 nomine
856 3240 1000 3322 Georgio
1017 3240 1195 3302 balneatori
1219 3238 1287 3301 filio
1312 3239 1416 3300 Mauri
1433 3257 1508 3299 ven·

247 3346 329 3409 didit
353 3359 509 3429 perpetuo
534 3347 763 3430 possidendam
788 3360 819 3409 et
843 3347 1016 3430 superinde
1041 3347 1149 3409 eidem
1167 3346 1311 3427 Georgio
1329 3345 1508 3407 balneatori

247 3467 295 3515 est
318 3453 411 3516 litera
434 3453 608 3536 superinde
633 3455 692 3515 sub
717 3453 871 3536 pendenti
896 3453 1004 3534 sigillo
1028 3454 1269 3516 communitatis
1293 3467 1451 3516 emanata.

351 3559 430 3621 ltem
455 3559 603 3622 Andreas
627 3561 761 3622 latinus
791 3558 876 3622 filius
901 3559 1067 3622 Michaelis
1095 3561 1133 3621 de
1158 3560 1326 3645 Volawlya
1351 3559 1506 3641 quasdam

245 3665 324 3727 duas
347 3667 519 3748 porciones
543 3667 685 3729 vineales
709 3687 777 3730 sese
802 3667 954 3748 contigue
978 3683 1009 3731 et
1027 3668 1203 3730 inmediate
1228 3667 1452 3747 contingentes
1476 3681 1507 3729 et

244 3772 275 3833 in
301 3792 399 3834 unam
424 3773 553 3835 vineam
578 3773 642 3856 jam
674 3775 797 3855 junctas
822 3789 852 3836 et
884 3775 1094 3854 combinetas,
1127 3775 1158 3835 in
1184 3774 1345 3836 territorio
1369 3773 1507 3836 civitatis

245 3879 327 3941 inter
359 3880 470 3942 vineas
494 3880 591 3942 Blasii
617 3881 772 3943 Seberlen
797 3895 828 3944 et
852 3881 1008 3944 Anthonii
1033 3881 1197 3960 institoris,
1231 3880 1344 3962 jurati,
1370 3879 1505 3959 habitas,

244 3985 433 4048 Sebastiano
459 3985 546 4048 dicto
564 3987 697 4070 Lyubak
719 3987 787 4050 filio
806 3989 959 4071 Stephani
978 3989 1105 4072 Maryas
1121 4007 1241 4070 genero
1258 4007 1317 4049 suo
1342 4001 1373 4049 et
1390 3987 1504 4070 Elyza·

244 4091 319 4153 beth
350 4091 415 4154 filie
446 4113 513 4172 sue,
547 4095 687 4156 consorti
719 4095 877 4176 legittime
909 4095 1054 4157 eiusdem
1087 4095 1277 4172 Sebastiani,
1310 4113 1346 4156 ac
1371 4113 1427 4177 per
1450 4113 1505 4156 eos

243 4198 385 4280 ipsorum
411 4197 584 4262 heredibus
608 4200 742 4263 donavit
765 4215 921 4284 perpetuo
947 4195 1158 4284 possidendas
1186 4201 1239 4279 ita,
1265 4201 1353 4282 quod
1378 4201 1418 4262 ab
1444 4202 1503 4262 eis-

243 4304 316 4366 dem
339 4306 443 4367 vineis
465 4307 548 4368 duos
565 4305 634 4370 flor.
659 4308 728 4370 auri
745 4323 891 4390 tempore
908 4309 1071 4370 vindemie
1089 4307 1312 4370 communitati
1336 4308 1502 4369 annuatim

243 4431 367 4494 semper
389 4413 575 4495 persolvant
604 4428 634 4476 et
658 4415 830 4498 superinde
855 4430 902 4477 est
926 4417 1015 4478 litera
1033 4417 1093 4476 sub
1110 4413 1265 4498 pendenti
1289 4415 1397 4495 sigillo
1415 4433 1502 4475 com-

243 4519 406 4581 munitatis
430 4534 588 4584 emanata.

345 4625 423 4688 ltem
440 4640 506 4689 tota
532 4627 647 4690 domus
664 4641 788 4692 murata
814 4643 844 4691 et
861 4627 980 4691 fundus
997 4650 1033 4691 ac
1056 4627 1205 4692 hedificia
1223 4628 1314 4690 Pauli
1331 4626 1388 4689 filii
1407 4627 1501 4688 Eme·

243 4730 297 4792 rici
321 4731 361 4795 de
385 4733 553 4817 Jarebycb,
578 4735 610 4811 in
635 4735 764 4798 civitate
788 4735 932 4818 predicta
958 4737 989 4797 in
1024 4737 1096 4798 vico
1120 4734 1305 4797 carnificum
1330 4735 1363 4795 in
1386 4734 1501 4795 vicini-

244 4852 306 4900 tate
329 4840 445 4903 domus
466 4855 590 4904 mutate
614 4855 645 4904 et
668 4841 761 4904 fundi
785 4863 820 4904 ac
852 4842 1076 4905 hedificiorum
1103 4841 1237 4924 Georgii
1261 4840 1318 4902 filii
1345 4839 1501 4902 Johannis

245 4944 358 5010 Donati
383 4962 414 5010 et
437 4947 611 5032 Raphaelis
642 4949 700 5012 filii
724 4950 879 5013 Johannis
903 4951 992 5013 Bozo
1023 4971 1060 5012 ac
1091 4971 1183 5014 secus
1207 4950 1327 5033 plateas
1351 4968 1406 5010 seu
1431 4950 1498 5010 vias

248 5070 430 5118 communes
454 5055 574 5137 habita,
605 5057 748 5120 mediam
780 5058 902 5120 curiam
934 5057 965 5119 in
995 5078 1028 5119 se
1060 5057 1239 5136 continens,
1263 5057 1354 5118 cuius
1379 5055 1499 5118 medie·
