<?xml version="1.0" encoding="UTF-8"?>
<!DOCTYPE html PUBLIC "-//W3C//DTD XHTML 1.0 Transitional//EN"
    "http://www.w3.org/TR/xhtml1/DTD/xhtml1-transitional.dtd">
<html xmlns="http://www.w3.org/1999/xhtml" xml:lang="en" lang="en">
 <head>
  <title>
</title>
<meta http-equiv="Content-Type" content="text/html;charset=utf-8" />
  <meta name='ocr-system' content='tesseract 3.04.00' />
  <meta name='ocr-capabilities' content='ocr_page ocr_carea ocr_par ocr_line ocrx_word'/>
</head>
<body>
  <div class='ocr_page' id='page_1' title='image "./monumentahistor21laszgoog_0135.png"; bbox 0 0 3816 5802; ppageno 0'>
   <div class='ocr_carea' id='block_1_1' title="bbox 794 561 1525 646">
    <p class='ocr_par' dir='ltr' id='par_1_1' title="bbox 794 561 1525 646">
     <span class='ocr_line' id='line_1_1' title="bbox 794 561 1525 646; baseline 0.003 -22"><span class='ocrx_word' id='word_1_1' title='bbox 794 565 882 625; x_wconf 81' lang='lat' dir='ltr'>Anno</span> <span class='ocrx_word' id='word_1_2' title='bbox 904 561 999 644; x_wconf 74' lang='lat'><em>1448.</em></span> <span class='ocrx_word' id='word_1_3' title='bbox 1488 583 1525 646; x_wconf 86' lang='lat'>9¹</span> 
     </span>
    </p>
   </div>
   <div class='ocr_carea' id='block_1_2' title="bbox 263 777 1540 5121">
    <p class='ocr_par' dir='ltr' id='par_1_2' title="bbox 263 777 1532 1712">
     <span class='ocr_line' id='line_1_2' title="bbox 264 777 1530 858; baseline -0.001 -18"><span class='ocrx_word' id='word_1_4' title='bbox 264 777 411 842; x_wconf 89' lang='lat' dir='ltr'>hedificia</span> <span class='ocrx_word' id='word_1_5' title='bbox 436 799 493 841; x_wconf 88' lang='lat' dir='ltr'>sua</span> <span class='ocrx_word' id='word_1_6' title='bbox 519 798 536 839; x_wconf 91' lang='lat' dir='ltr'>a</span> <span class='ocrx_word' id='word_1_7' title='bbox 561 777 752 858; x_wconf 90' lang='lat' dir='ltr'>meridione,</span> <span class='ocrx_word' id='word_1_8' title='bbox 777 793 806 839; x_wconf 93' lang='lat' dir='ltr'>et</span> <span class='ocrx_word' id='word_1_9' title='bbox 831 777 913 840; x_wconf 88' lang='lat' dir='ltr'>inter</span> <span class='ocrx_word' id='word_1_10' title='bbox 941 777 1075 839; x_wconf 91' lang='lat' dir='ltr'>domum</span> <span class='ocrx_word' id='word_1_11' title='bbox 1100 777 1242 858; x_wconf 85' lang='lat' dir='ltr'><strong>ligneam</strong></span> <span class='ocrx_word' id='word_1_12' title='bbox 1275 791 1305 838; x_wconf 92' lang='lat' dir='ltr'>et</span> <span class='ocrx_word' id='word_1_13' title='bbox 1330 777 1467 840; x_wconf 85' lang='lat' dir='ltr'>fundum</span> <span class='ocrx_word' id='word_1_14' title='bbox 1492 798 1530 840; x_wconf 87' lang='lat' dir='ltr'>ac</span> 
     </span>
     <span class='ocr_line' id='line_1_3' title="bbox 265 883 1531 966; baseline 0.001 -19"><span class='ocrx_word' id='word_1_15' title='bbox 265 885 418 948; x_wconf 89' lang='lat' dir='ltr'>celarium</span> <span class='ocrx_word' id='word_1_16' title='bbox 443 887 685 948; x_wconf 89' lang='lat' dir='ltr'>subterraneum</span> <span class='ocrx_word' id='word_1_17' title='bbox 711 904 747 946; x_wconf 87' lang='lat' dir='ltr'>ac</span> <span class='ocrx_word' id='word_1_18' title='bbox 772 883 919 946; x_wconf 88' lang='lat' dir='ltr'>hedificia</span> <span class='ocrx_word' id='word_1_19' title='bbox 944 883 1088 945; x_wconf 91' lang='lat' dir='ltr'>virorum</span> <span class='ocrx_word' id='word_1_20' title='bbox 1112 883 1321 966; x_wconf 91' lang='lat' dir='ltr'>providorum</span> <span class='ocrx_word' id='word_1_21' title='bbox 1348 885 1481 948; x_wconf 86' lang='lat' dir='ltr'>Fabiani</span> <span class='ocrx_word' id='word_1_22' title='bbox 1500 899 1531 948; x_wconf 91' lang='lat' dir='ltr'>et</span> 
     </span>
     <span class='ocr_line' id='line_1_4' title="bbox 263 990 1527 1073; baseline 0 -19"><span class='ocrx_word' id='word_1_23' title='bbox 263 992 420 1055; x_wconf 86' lang='lat' dir='ltr'>Anthonii</span> <span class='ocrx_word' id='word_1_24' title='bbox 445 1005 603 1054; x_wconf 88' lang='lat' dir='ltr'>sartorum</span> <span class='ocrx_word' id='word_1_25' title='bbox 628 990 768 1054; x_wconf 88' lang='lat' dir='ltr'>liliorum</span> <span class='ocrx_word' id='word_1_26' title='bbox 795 990 940 1071; x_wconf 88' lang='lat' dir='ltr'>Adriani,</span> <span class='ocrx_word' id='word_1_27' title='bbox 965 990 1228 1073; x_wconf 88' lang='lat' dir='ltr'>aseptemtrione</span> <span class='ocrx_word' id='word_1_28' title='bbox 1253 991 1407 1072; x_wconf 87' lang='lat' dir='ltr'>habitam,</span> <span class='ocrx_word' id='word_1_29' title='bbox 1431 1011 1527 1054; x_wconf 91' lang='lat' dir='ltr'>unam</span> 
     </span>
     <span class='ocr_line' id='line_1_5' title="bbox 265 1097 1531 1177; baseline 0 -16"><span class='ocrx_word' id='word_1_30' title='bbox 265 1101 297 1162; x_wconf 92' lang='lat' dir='ltr'>in</span> <span class='ocrx_word' id='word_1_31' title='bbox 321 1113 390 1161; x_wconf 93' lang='lat' dir='ltr'>toto</span> <span class='ocrx_word' id='word_1_32' title='bbox 414 1100 535 1161; x_wconf 85' lang='lat' dir='ltr'>curiam</span> <span class='ocrx_word' id='word_1_33' title='bbox 560 1112 592 1162; x_wconf 92' lang='lat' dir='ltr'>et</span> <span class='ocrx_word' id='word_1_34' title='bbox 615 1117 713 1160; x_wconf 89' lang='lat' dir='ltr'>unam</span> <span class='ocrx_word' id='word_1_35' title='bbox 737 1112 883 1160; x_wconf 91' lang='lat' dir='ltr'>octavam</span> <span class='ocrx_word' id='word_1_36' title='bbox 909 1098 996 1161; x_wconf 92' lang='lat' dir='ltr'>curie</span> <span class='ocrx_word' id='word_1_37' title='bbox 1025 1099 1056 1160; x_wconf 94' lang='lat' dir='ltr'>in</span> <span class='ocrx_word' id='word_1_38' title='bbox 1081 1117 1115 1160; x_wconf 85' lang='lat' dir='ltr'>ae</span> <span class='ocrx_word' id='word_1_39' title='bbox 1141 1097 1371 1177; x_wconf 87' lang='lat' dir='ltr'>continentem,</span> <span class='ocrx_word' id='word_1_40' title='bbox 1396 1099 1531 1161; x_wconf 89' lang='lat' dir='ltr'>Nicolao</span> 
     </span>
     <span class='ocr_line' id='line_1_6' title="bbox 265 1203 1530 1269; baseline -0.002 -1"><span class='ocrx_word' id='word_1_41' title='bbox 265 1205 352 1269; x_wconf 92' lang='lat' dir='ltr'>dicto</span> <span class='ocrx_word' id='word_1_42' title='bbox 376 1204 530 1268; x_wconf 84' lang='lat' dir='ltr'>Chuthko</span> <span class='ocrx_word' id='word_1_43' title='bbox 562 1204 629 1267; x_wconf 85' lang='lat' dir='ltr'>lilio</span> <span class='ocrx_word' id='word_1_44' title='bbox 655 1204 810 1266; x_wconf 84' lang='lat' dir='ltr'>Demetrii</span> <span class='ocrx_word' id='word_1_45' title='bbox 835 1204 875 1265; x_wconf 91' lang='lat' dir='ltr'>de</span> <span class='ocrx_word' id='word_1_46' title='bbox 899 1203 991 1268; x_wconf 93' lang='lat' dir='ltr'>Zlath</span> <span class='ocrx_word' id='word_1_47' title='bbox 1024 1217 1058 1266; x_wconf 91' lang='lat' dir='ltr'>ut</span> <span class='ocrx_word' id='word_1_48' title='bbox 1092 1223 1178 1266; x_wconf 93' lang='lat' dir='ltr'>novo</span> <span class='ocrx_word' id='word_1_49' title='bbox 1211 1205 1336 1266; x_wconf 88' lang='lat' dir='ltr'>concivi</span> <span class='ocrx_word' id='word_1_50' title='bbox 1361 1219 1471 1268; x_wconf 91' lang='lat' dir='ltr'>nostro</span> <span class='ocrx_word' id='word_1_51' title='bbox 1495 1225 1530 1266; x_wconf 90' lang='lat' dir='ltr'>ac</span> 
     </span>
     <span class='ocr_line' id='line_1_7' title="bbox 264 1309 1527 1396; baseline -0.001 -23"><span class='ocrx_word' id='word_1_52' title='bbox 264 1331 320 1396; x_wconf 90' lang='lat' dir='ltr'>per</span> <span class='ocrx_word' id='word_1_53' title='bbox 344 1330 417 1373; x_wconf 90' lang='lat' dir='ltr'>eum</span> <span class='ocrx_word' id='word_1_54' title='bbox 443 1311 508 1373; x_wconf 87' lang='lat' dir='ltr'>suis</span> <span class='ocrx_word' id='word_1_55' title='bbox 532 1309 705 1373; x_wconf 82' lang='lat' dir='ltr'>heredibus</span> <span class='ocrx_word' id='word_1_56' title='bbox 728 1324 759 1372; x_wconf 86' lang='lat' dir='ltr'>et</span> <span class='ocrx_word' id='word_1_57' title='bbox 787 1311 921 1393; x_wconf 84' lang='lat' dir='ltr'>provide</span> <span class='ocrx_word' id='word_1_58' title='bbox 954 1310 1082 1372; x_wconf 89' lang='lat' dir='ltr'>mulieri</span> <span class='ocrx_word' id='word_1_59' title='bbox 1107 1309 1220 1372; x_wconf 85' lang='lat' dir='ltr'>Vrsule</span> <span class='ocrx_word' id='word_1_60' title='bbox 1245 1330 1301 1372; x_wconf 89' lang='lat' dir='ltr'>sue</span> <span class='ocrx_word' id='word_1_61' title='bbox 1326 1311 1466 1372; x_wconf 81' lang='lat' dir='ltr'>consorti</span> <span class='ocrx_word' id='word_1_62' title='bbox 1491 1330 1527 1372; x_wconf 89' lang='lat' dir='ltr'>ac</span> 
     </span>
     <span class='ocr_line' id='line_1_8' title="bbox 263 1415 1530 1502; baseline -0.002 -22"><span class='ocrx_word' id='word_1_63' title='bbox 263 1438 320 1502; x_wconf 92' lang='lat' dir='ltr'>per</span> <span class='ocrx_word' id='word_1_64' title='bbox 343 1436 398 1480; x_wconf 89' lang='lat' dir='ltr'>eos</span> <span class='ocrx_word' id='word_1_65' title='bbox 422 1419 567 1501; x_wconf 89' lang='lat' dir='ltr'>ipsorum</span> <span class='ocrx_word' id='word_1_66' title='bbox 591 1416 763 1479; x_wconf 82' lang='lat' dir='ltr'>heredibus</span> <span class='ocrx_word' id='word_1_67' title='bbox 787 1436 845 1500; x_wconf 92' lang='lat' dir='ltr'>pro</span> <span class='ocrx_word' id='word_1_68' title='bbox 869 1417 1034 1497; x_wconf 83' lang='lat' dir='ltr'>sexaginta</span> <span class='ocrx_word' id='word_1_69' title='bbox 1058 1415 1127 1479; x_wconf 90' lang='lat' dir='ltr'>flor.</span> <span class='ocrx_word' id='word_1_70' title='bbox 1150 1417 1219 1478; x_wconf 88' lang='lat' dir='ltr'>auri</span> <span class='ocrx_word' id='word_1_71' title='bbox 1245 1430 1400 1499; x_wconf 92' lang='lat' dir='ltr'>perpetuo</span> <span class='ocrx_word' id='word_1_72' title='bbox 1417 1417 1530 1479; x_wconf 92' lang='lat' dir='ltr'>vendi·</span> 
     </span>
     <span class='ocr_line' id='line_1_9' title="bbox 264 1521 1532 1606; baseline 0.002 -22"><span class='ocrx_word' id='word_1_73' title='bbox 264 1522 380 1585; x_wconf 91' lang='lat' dir='ltr'>derunt</span> <span class='ocrx_word' id='word_1_74' title='bbox 402 1521 631 1606; x_wconf 88' lang='lat' dir='ltr'>possidendam</span> <span class='ocrx_word' id='word_1_75' title='bbox 656 1535 687 1584; x_wconf 92' lang='lat' dir='ltr'>et</span> <span class='ocrx_word' id='word_1_76' title='bbox 718 1521 891 1605; x_wconf 90' lang='lat' dir='ltr'>superinde</span> <span class='ocrx_word' id='word_1_77' title='bbox 925 1521 1001 1605; x_wconf 88' lang='lat' dir='ltr'>ipsis</span> <span class='ocrx_word' id='word_1_78' title='bbox 1035 1535 1082 1584; x_wconf 90' lang='lat' dir='ltr'>est</span> <span class='ocrx_word' id='word_1_79' title='bbox 1105 1521 1196 1584; x_wconf 89' lang='lat' dir='ltr'>litera</span> <span class='ocrx_word' id='word_1_80' title='bbox 1229 1524 1287 1584; x_wconf 87' lang='lat' dir='ltr'>sub</span> <span class='ocrx_word' id='word_1_81' title='bbox 1313 1523 1465 1606; x_wconf 89' lang='lat' dir='ltr'>pendenti</span> <span class='ocrx_word' id='word_1_82' title='bbox 1491 1525 1532 1586; x_wconf 88' lang='lat' dir='ltr'>si·</span> 
     </span>
     <span class='ocr_line' id='line_1_10' title="bbox 263 1628 790 1712; baseline -0.002 -21"><span class='ocrx_word' id='word_1_83' title='bbox 263 1628 344 1712; x_wconf 94' lang='lat' dir='ltr'>gillo</span> <span class='ocrx_word' id='word_1_84' title='bbox 368 1629 609 1691; x_wconf 81' lang='lat' dir='ltr'>communitatis</span> <span class='ocrx_word' id='word_1_85' title='bbox 633 1641 790 1690; x_wconf 85' lang='lat' dir='ltr'>emanata.</span> 
     </span>
    </p>

    <p class='ocr_par' dir='ltr' id='par_1_3' title="bbox 265 1732 1537 3930">
     <span class='ocr_line' id='line_1_11' title="bbox 371 1732 1534 1817; baseline 0.001 -21"><span class='ocrx_word' id='word_1_86' title='bbox 371 1734 450 1797; x_wconf 90' lang='lat' dir='ltr'>Item</span> <span class='ocrx_word' id='word_1_87' title='bbox 475 1733 639 1796; x_wconf 88' lang='lat' dir='ltr'>Johannes</span> <span class='ocrx_word' id='word_1_88' title='bbox 669 1734 773 1796; x_wconf 90' lang='lat' dir='ltr'>dictus</span> <span class='ocrx_word' id='word_1_89' title='bbox 805 1735 908 1797; x_wconf 82' lang='lat' dir='ltr'>Janlro</span> <span class='ocrx_word' id='word_1_90' title='bbox 940 1732 1025 1797; x_wconf 85' lang='lat' dir='ltr'>filius</span> <span class='ocrx_word' id='word_1_91' title='bbox 1058 1735 1196 1797; x_wconf 89' lang='lat' dir='ltr'>condam</span> <span class='ocrx_word' id='word_1_92' title='bbox 1229 1735 1385 1798; x_wconf 85' lang='lat' dir='ltr'>Johennis</span> <span class='ocrx_word' id='word_1_93' title='bbox 1415 1735 1534 1817; x_wconf 92' lang='lat' dir='ltr'>judicis</span> 
     </span>
     <span class='ocr_line' id='line_1_12' title="bbox 265 1840 1530 1925; baseline 0.001 -22"><span class='ocrx_word' id='word_1_94' title='bbox 265 1841 341 1904; x_wconf 88' lang='lat' dir='ltr'>dicti</span> <span class='ocrx_word' id='word_1_95' title='bbox 367 1841 481 1925; x_wconf 79' lang='lat' dir='ltr'>bolye,</span> <span class='ocrx_word' id='word_1_96' title='bbox 503 1841 666 1923; x_wconf 91' lang='lat' dir='ltr'>quandam</span> <span class='ocrx_word' id='word_1_97' title='bbox 684 1855 806 1923; x_wconf 89' lang='lat' dir='ltr'>partem</span> <span class='ocrx_word' id='word_1_98' title='bbox 828 1840 995 1903; x_wconf 89' lang='lat' dir='ltr'>cuiusdam</span> <span class='ocrx_word' id='word_1_99' title='bbox 1013 1841 1106 1904; x_wconf 88' lang='lat' dir='ltr'>vinee</span> <span class='ocrx_word' id='word_1_100' title='bbox 1124 1841 1247 1904; x_wconf 86' lang='lat' dir='ltr'>deserte</span> <span class='ocrx_word' id='word_1_101' title='bbox 1271 1841 1335 1924; x_wconf 85' lang='lat' dir='ltr'>jam</span> <span class='ocrx_word' id='word_1_102' title='bbox 1360 1843 1391 1903; x_wconf 93' lang='lat' dir='ltr'>in</span> <span class='ocrx_word' id='word_1_103' title='bbox 1416 1843 1530 1905; x_wconf 85' lang='lat' dir='ltr'>silvam</span> 
     </span>
     <span class='ocr_line' id='line_1_13' title="bbox 266 1943 1533 2030; baseline 0 -20"><span class='ocrx_word' id='word_1_104' title='bbox 266 1947 407 2010; x_wconf 85' lang='lat' dir='ltr'>totaliter</span> <span class='ocrx_word' id='word_1_105' title='bbox 419 1947 558 2026; x_wconf 88' lang='lat' dir='ltr'>redacte,</span> <span class='ocrx_word' id='word_1_106' title='bbox 576 1947 607 2008; x_wconf 97' lang='lat' dir='ltr'>in</span> <span class='ocrx_word' id='word_1_107' title='bbox 632 1947 794 2010; x_wconf 87' lang='lat' dir='ltr'>territorio</span> <span class='ocrx_word' id='word_1_108' title='bbox 812 1943 948 2009; x_wconf 89' lang='lat' dir='ltr'>civitatis</span> <span class='ocrx_word' id='word_1_109' title='bbox 971 1947 1114 2030; x_wconf 87' lang='lat' dir='ltr'>predicte</span> <span class='ocrx_word' id='word_1_110' title='bbox 1131 1948 1213 2010; x_wconf 90' lang='lat' dir='ltr'>inter</span> <span class='ocrx_word' id='word_1_111' title='bbox 1229 1947 1340 2010; x_wconf 88' lang='lat' dir='ltr'>vineas</span> <span class='ocrx_word' id='word_1_112' title='bbox 1363 1967 1420 2010; x_wconf 88' lang='lat' dir='ltr'>seu</span> <span class='ocrx_word' id='word_1_113' title='bbox 1436 1948 1533 2011; x_wconf 88' lang='lat' dir='ltr'>silvas</span> 
     </span>
     <span class='ocr_line' id='line_1_14' title="bbox 265 2051 1533 2136; baseline 0 -20"><span class='ocrx_word' id='word_1_114' title='bbox 265 2053 443 2116; x_wconf 91' lang='lat' dir='ltr'>liberorum</span> <span class='ocrx_word' id='word_1_115' title='bbox 468 2053 607 2115; x_wconf 89' lang='lat' dir='ltr'>condam</span> <span class='ocrx_word' id='word_1_116' title='bbox 632 2051 785 2135; x_wconf 84' lang='lat' dir='ltr'>Gasparis</span> <span class='ocrx_word' id='word_1_117' title='bbox 809 2053 925 2116; x_wconf 86' lang='lat' dir='ltr'>literati</span> <span class='ocrx_word' id='word_1_118' title='bbox 953 2053 1033 2115; x_wconf 90' lang='lat' dir='ltr'>olim</span> <span class='ocrx_word' id='word_1_119' title='bbox 1066 2054 1194 2134; x_wconf 91' lang='lat' dir='ltr'>notarii,</span> <span class='ocrx_word' id='word_1_120' title='bbox 1218 2053 1311 2136; x_wconf 88' lang='lat' dir='ltr'>jurati</span> <span class='ocrx_word' id='word_1_121' title='bbox 1336 2067 1367 2114; x_wconf 93' lang='lat' dir='ltr'>et</span> <span class='ocrx_word' id='word_1_122' title='bbox 1392 2055 1533 2116; x_wconf 87' lang='lat' dir='ltr'>concivis</span> 
     </span>
     <span class='ocr_line' id='line_1_15' title="bbox 266 2157 1530 2242; baseline 0.002 -20"><span class='ocrx_word' id='word_1_123' title='bbox 266 2159 377 2239; x_wconf 88' lang='lat' dir='ltr'>nostri,</span> <span class='ocrx_word' id='word_1_124' title='bbox 402 2179 458 2242; x_wconf 91' lang='lat' dir='ltr'>per</span> <span class='ocrx_word' id='word_1_125' title='bbox 482 2159 646 2241; x_wconf 91' lang='lat' dir='ltr'>quoddam</span> <span class='ocrx_word' id='word_1_126' title='bbox 672 2157 826 2222; x_wconf 85' lang='lat' dir='ltr'>fossatum</span> <span class='ocrx_word' id='word_1_127' title='bbox 856 2159 932 2242; x_wconf 89' lang='lat' dir='ltr'>ipsis</span> <span class='ocrx_word' id='word_1_128' title='bbox 964 2159 1073 2222; x_wconf 92' lang='lat' dir='ltr'>liberis</span> <span class='ocrx_word' id='word_1_129' title='bbox 1096 2179 1153 2222; x_wconf 91' lang='lat' dir='ltr'>seu</span> <span class='ocrx_word' id='word_1_130' title='bbox 1184 2161 1423 2224; x_wconf 88' lang='lat' dir='ltr'>successoribus</span> <span class='ocrx_word' id='word_1_131' title='bbox 1446 2161 1530 2224; x_wconf 89' lang='lat' dir='ltr'>eius·</span> 
     </span>
     <span class='ocr_line' id='line_1_16' title="bbox 266 2265 1533 2349; baseline 0.003 -21"><span class='ocrx_word' id='word_1_132' title='bbox 266 2266 341 2328; x_wconf 90' lang='lat' dir='ltr'>dem</span> <span class='ocrx_word' id='word_1_133' title='bbox 366 2265 505 2328; x_wconf 87' lang='lat' dir='ltr'>condam</span> <span class='ocrx_word' id='word_1_134' title='bbox 531 2265 683 2348; x_wconf 86' lang='lat' dir='ltr'>Gasparis</span> <span class='ocrx_word' id='word_1_135' title='bbox 707 2266 823 2329; x_wconf 86' lang='lat' dir='ltr'>literati</span> <span class='ocrx_word' id='word_1_136' title='bbox 853 2265 993 2328; x_wconf 90' lang='lat' dir='ltr'>totaliter</span> <span class='ocrx_word' id='word_1_137' title='bbox 1025 2265 1217 2346; x_wconf 87' lang='lat' dir='ltr'>deserviens,</span> <span class='ocrx_word' id='word_1_138' title='bbox 1250 2269 1533 2349; x_wconf 89' lang='lat' dir='ltr'>aseptemtrione,</span> 
     </span>
     <span class='ocr_line' id='line_1_17' title="bbox 267 2371 1531 2455; baseline 0.001 -19"><span class='ocrx_word' id='word_1_139' title='bbox 267 2387 299 2436; x_wconf 90' lang='lat' dir='ltr'>et</span> <span class='ocrx_word' id='word_1_140' title='bbox 321 2372 456 2455; x_wconf 87' lang='lat' dir='ltr'>provide</span> <span class='ocrx_word' id='word_1_141' title='bbox 481 2373 626 2434; x_wconf 90' lang='lat' dir='ltr'>mulieris</span> <span class='ocrx_word' id='word_1_142' title='bbox 658 2373 792 2454; x_wconf 81' lang='lat' dir='ltr'>Agnetis</span> <span class='ocrx_word' id='word_1_143' title='bbox 825 2373 932 2435; x_wconf 92' lang='lat' dir='ltr'>relicte</span> <span class='ocrx_word' id='word_1_144' title='bbox 965 2371 1102 2434; x_wconf 91' lang='lat' dir='ltr'>condam</span> <span class='ocrx_word' id='word_1_145' title='bbox 1136 2373 1247 2435; x_wconf 89' lang='lat' dir='ltr'>Jacobi</span> <span class='ocrx_word' id='word_1_146' title='bbox 1275 2372 1389 2454; x_wconf 89' lang='lat' dir='ltr'>judicis</span> <span class='ocrx_word' id='word_1_147' title='bbox 1413 2373 1531 2454; x_wconf 92' lang='lat' dir='ltr'>habite,</span> 
     </span>
     <span class='ocr_line' id='line_1_18' title="bbox 266 2479 1532 2563; baseline 0.002 -22"><span class='ocrx_word' id='word_1_148' title='bbox 266 2479 349 2542; x_wconf 90' lang='lat' dir='ltr'>iuter</span> <span class='ocrx_word' id='word_1_149' title='bbox 372 2479 508 2542; x_wconf 87' lang='lat' dir='ltr'>eandem</span> <span class='ocrx_word' id='word_1_150' title='bbox 535 2479 649 2542; x_wconf 91' lang='lat' dir='ltr'>silvam</span> <span class='ocrx_word' id='word_1_151' title='bbox 674 2480 821 2542; x_wconf 90' lang='lat' dir='ltr'>eiusdem</span> <span class='ocrx_word' id='word_1_152' title='bbox 853 2480 990 2562; x_wconf 79' lang='lat' dir='ltr'>Agnetis</span> <span class='ocrx_word' id='word_1_153' title='bbox 1015 2479 1160 2542; x_wconf 88' lang='lat' dir='ltr'>mulieris</span> <span class='ocrx_word' id='word_1_154' title='bbox 1184 2494 1214 2542; x_wconf 95' lang='lat' dir='ltr'>et</span> <span class='ocrx_word' id='word_1_155' title='bbox 1239 2481 1320 2542; x_wconf 91' lang='lat' dir='ltr'>inter</span> <span class='ocrx_word' id='word_1_156' title='bbox 1344 2482 1532 2563; x_wconf 91' lang='lat' dir='ltr'>porcionem</span> 
     </span>
     <span class='ocr_line' id='line_1_19' title="bbox 265 2585 1530 2669; baseline 0.002 -21"><span class='ocrx_word' id='word_1_157' title='bbox 265 2587 396 2648; x_wconf 90' lang='lat' dir='ltr'>terciam</span> <span class='ocrx_word' id='word_1_158' title='bbox 422 2585 566 2649; x_wconf 89' lang='lat' dir='ltr'>eiusdem</span> <span class='ocrx_word' id='word_1_159' title='bbox 591 2587 671 2648; x_wconf 87' lang='lat' dir='ltr'>silve</span> <span class='ocrx_word' id='word_1_160' title='bbox 691 2600 721 2648; x_wconf 94' lang='lat' dir='ltr'>et</span> <span class='ocrx_word' id='word_1_161' title='bbox 744 2587 848 2664; x_wconf 86' lang='lat' dir='ltr'>vinee,</span> <span class='ocrx_word' id='word_1_162' title='bbox 866 2587 1053 2669; x_wconf 92' lang='lat' dir='ltr'>porcionem</span> <span class='ocrx_word' id='word_1_163' title='bbox 1072 2587 1193 2649; x_wconf 92' lang='lat' dir='ltr'>scilicet</span> <span class='ocrx_word' id='word_1_164' title='bbox 1218 2586 1396 2669; x_wconf 88' lang='lat' dir='ltr'>Elyzabeth</span> <span class='ocrx_word' id='word_1_165' title='bbox 1421 2587 1530 2650; x_wconf 91' lang='lat' dir='ltr'>relicte</span> 
     </span>
     <span class='ocr_line' id='line_1_20' title="bbox 267 2691 1533 2779; baseline 0.002 -25"><span class='ocrx_word' id='word_1_166' title='bbox 267 2691 422 2754; x_wconf 82' lang='lat' dir='ltr'>Anthonii</span> <span class='ocrx_word' id='word_1_167' title='bbox 449 2692 632 2756; x_wconf 90' lang='lat' dir='ltr'>Schuchecz</span> <span class='ocrx_word' id='word_1_168' title='bbox 657 2693 809 2771; x_wconf 90' lang='lat' dir='ltr'>habitam,</span> <span class='ocrx_word' id='word_1_169' title='bbox 835 2692 994 2775; x_wconf 89' lang='lat' dir='ltr'>Gregorio</span> <span class='ocrx_word' id='word_1_170' title='bbox 1019 2693 1087 2754; x_wconf 88' lang='lat' dir='ltr'>viro</span> <span class='ocrx_word' id='word_1_171' title='bbox 1111 2692 1270 2774; x_wconf 91' lang='lat' dir='ltr'>legittimo</span> <span class='ocrx_word' id='word_1_172' title='bbox 1295 2693 1394 2775; x_wconf 88' lang='lat' dir='ltr'>ipsius</span> <span class='ocrx_word' id='word_1_173' title='bbox 1419 2693 1533 2779; x_wconf 89' lang='lat' dir='ltr'>Elyza-</span> 
     </span>
     <span class='ocr_line' id='line_1_21' title="bbox 268 2797 1533 2882; baseline 0.001 -22"><span class='ocrx_word' id='word_1_174' title='bbox 268 2797 342 2861; x_wconf 90' lang='lat' dir='ltr'>heth</span> <span class='ocrx_word' id='word_1_175' title='bbox 367 2799 513 2861; x_wconf 89' lang='lat' dir='ltr'>mulieris</span> <span class='ocrx_word' id='word_1_176' title='bbox 537 2819 575 2862; x_wconf 83' lang='lat' dir='ltr'>ex</span> <span class='ocrx_word' id='word_1_177' title='bbox 599 2819 757 2862; x_wconf 87' lang='lat' dir='ltr'>consensu</span> <span class='ocrx_word' id='word_1_178' title='bbox 775 2799 918 2862; x_wconf 86' lang='lat' dir='ltr'>eiusdem</span> <span class='ocrx_word' id='word_1_179' title='bbox 945 2798 1122 2882; x_wconf 87' lang='lat' dir='ltr'>Elyzabeth</span> <span class='ocrx_word' id='word_1_180' title='bbox 1140 2799 1285 2860; x_wconf 88' lang='lat' dir='ltr'>mulieris</span> <span class='ocrx_word' id='word_1_181' title='bbox 1309 2817 1367 2882; x_wconf 91' lang='lat' dir='ltr'>pro</span> <span class='ocrx_word' id='word_1_182' title='bbox 1394 2813 1533 2881; x_wconf 91' lang='lat' dir='ltr'>quatuor</span> 
     </span>
     <span class='ocr_line' id='line_1_22' title="bbox 268 2903 1533 2988; baseline 0.001 -21"><span class='ocrx_word' id='word_1_183' title='bbox 268 2925 341 2967; x_wconf 93' lang='lat' dir='ltr'>cum</span> <span class='ocrx_word' id='word_1_184' title='bbox 360 2903 469 2968; x_wconf 87' lang='lat' dir='ltr'>medio</span> <span class='ocrx_word' id='word_1_185' title='bbox 486 2905 556 2968; x_wconf 86' lang='lat' dir='ltr'>flor.</span> <span class='ocrx_word' id='word_1_186' title='bbox 574 2907 641 2967; x_wconf 87' lang='lat' dir='ltr'>auri</span> <span class='ocrx_word' id='word_1_187' title='bbox 660 2905 806 2967; x_wconf 89' lang='lat' dir='ltr'>vendidit</span> <span class='ocrx_word' id='word_1_188' title='bbox 821 2919 978 2988; x_wconf 90' lang='lat' dir='ltr'>perpetuo</span> <span class='ocrx_word' id='word_1_189' title='bbox 996 2905 1242 2988; x_wconf 66' lang='lat' dir='ltr'>possidendam</span> <span class='ocrx_word' id='word_1_190' title='bbox 1267 2906 1409 2988; x_wconf 86' lang='lat' dir='ltr'>predicta</span> <span class='ocrx_word' id='word_1_191' title='bbox 1427 2919 1533 2968; x_wconf 92' lang='lat' dir='ltr'>autem</span> 
     </span>
     <span class='ocr_line' id='line_1_23' title="bbox 269 3011 1531 3095; baseline 0.002 -22"><span class='ocrx_word' id='word_1_192' title='bbox 269 3012 444 3095; x_wconf 90' lang='lat' dir='ltr'>Elyzabeth</span> <span class='ocrx_word' id='word_1_193' title='bbox 477 3012 594 3074; x_wconf 90' lang='lat' dir='ltr'>mulier</span> <span class='ocrx_word' id='word_1_194' title='bbox 626 3032 757 3075; x_wconf 89' lang='lat' dir='ltr'>consors</span> <span class='ocrx_word' id='word_1_195' title='bbox 789 3013 946 3094; x_wconf 88' lang='lat' dir='ltr'>legittima</span> <span class='ocrx_word' id='word_1_196' title='bbox 980 3013 1079 3094; x_wconf 88' lang='lat' dir='ltr'>ipsius</span> <span class='ocrx_word' id='word_1_197' title='bbox 1112 3011 1353 3094; x_wconf 88' lang='lat' dir='ltr'>Gregorii·viri</span> <span class='ocrx_word' id='word_1_198' title='bbox 1379 3015 1428 3076; x_wconf 89' lang='lat' dir='ltr'>sui</span> <span class='ocrx_word' id='word_1_199' title='bbox 1454 3013 1531 3076; x_wconf 91' lang='lat' dir='ltr'>dicti</span> 
     </span>
     <span class='ocr_line' id='line_1_24' title="bbox 270 3117 1537 3202; baseline 0.001 -22"><span class='ocrx_word' id='word_1_200' title='bbox 270 3117 443 3182; x_wconf 90' lang='lat' dir='ltr'>Perachich</span> <span class='ocrx_word' id='word_1_201' title='bbox 476 3117 534 3181; x_wconf 92' lang='lat' dir='ltr'>filii</span> <span class='ocrx_word' id='word_1_202' title='bbox 565 3119 692 3182; x_wconf 90' lang='lat' dir='ltr'>Nicolai</span> <span class='ocrx_word' id='word_1_203' title='bbox 724 3119 899 3202; x_wconf 90' lang='lat' dir='ltr'>predictam</span> <span class='ocrx_word' id='word_1_204' title='bbox 936 3119 1067 3180; x_wconf 87' lang='lat' dir='ltr'>totalem</span> <span class='ocrx_word' id='word_1_205' title='bbox 1100 3138 1190 3180; x_wconf 87' lang='lat' dir='ltr'>suam</span> <span class='ocrx_word' id='word_1_206' title='bbox 1224 3119 1411 3201; x_wconf 88' lang='lat' dir='ltr'>porcionem</span> <span class='ocrx_word' id='word_1_207' title='bbox 1436 3120 1537 3202; x_wconf 91' lang='lat' dir='ltr'>ipsius</span> 
     </span>
     <span class='ocr_line' id='line_1_25' title="bbox 269 3224 1536 3309; baseline 0.002 -23"><span class='ocrx_word' id='word_1_208' title='bbox 269 3225 362 3287; x_wconf 88' lang='lat' dir='ltr'>vinee</span> <span class='ocrx_word' id='word_1_209' title='bbox 386 3238 418 3290; x_wconf 91' lang='lat' dir='ltr'>et</span> <span class='ocrx_word' id='word_1_210' title='bbox 451 3225 531 3288; x_wconf 85' lang='lat' dir='ltr'>silve</span> <span class='ocrx_word' id='word_1_211' title='bbox 563 3227 678 3308; x_wconf 89' lang='lat' dir='ltr'>partim</span> <span class='ocrx_word' id='word_1_212' title='bbox 712 3226 829 3288; x_wconf 86' lang='lat' dir='ltr'>cultam</span> <span class='ocrx_word' id='word_1_213' title='bbox 862 3239 894 3289; x_wconf 90' lang='lat' dir='ltr'>et</span> <span class='ocrx_word' id='word_1_214' title='bbox 925 3227 1039 3308; x_wconf 87' lang='lat' dir='ltr'>partim</span> <span class='ocrx_word' id='word_1_215' title='bbox 1072 3225 1251 3304; x_wconf 89' lang='lat' dir='ltr'>desertam,</span> <span class='ocrx_word' id='word_1_216' title='bbox 1283 3224 1420 3309; x_wconf 89' lang='lat' dir='ltr'>desuper</span> <span class='ocrx_word' id='word_1_217' title='bbox 1443 3247 1458 3288; x_wconf 88' lang='lat' dir='ltr'>a</span> <span class='ocrx_word' id='word_1_218' title='bbox 1485 3226 1536 3288; x_wconf 91' lang='lat' dir='ltr'>via</span> 
     </span>
     <span class='ocr_line' id='line_1_26' title="bbox 269 3331 1536 3415; baseline 0.001 -21"><span class='ocrx_word' id='word_1_219' title='bbox 269 3333 435 3394; x_wconf 90' lang='lat' dir='ltr'>communi</span> <span class='ocrx_word' id='word_1_220' title='bbox 460 3347 491 3395; x_wconf 92' lang='lat' dir='ltr'>et</span> <span class='ocrx_word' id='word_1_221' title='bbox 514 3331 596 3394; x_wconf 81' lang='lat' dir='ltr'>inira</span> <span class='ocrx_word' id='word_1_222' title='bbox 629 3351 730 3415; x_wconf 91' lang='lat' dir='ltr'>usque</span> <span class='ocrx_word' id='word_1_223' title='bbox 763 3333 914 3410; x_wconf 88' lang='lat' dir='ltr'>rivulum,</span> <span class='ocrx_word' id='word_1_224' title='bbox 944 3332 1040 3394; x_wconf 89' lang='lat' dir='ltr'>simul</span> <span class='ocrx_word' id='word_1_225' title='bbox 1073 3351 1146 3394; x_wconf 92' lang='lat' dir='ltr'>cum</span> <span class='ocrx_word' id='word_1_226' title='bbox 1179 3331 1323 3414; x_wconf 92' lang='lat' dir='ltr'>virgulto</span> <span class='ocrx_word' id='word_1_227' title='bbox 1347 3333 1407 3394; x_wconf 90' lang='lat' dir='ltr'>sibi</span> <span class='ocrx_word' id='word_1_228' title='bbox 1431 3333 1536 3415; x_wconf 88' lang='lat' dir='ltr'>subja·</span> 
     </span>
     <span class='ocr_line' id='line_1_27' title="bbox 274 3437 1534 3520; baseline 0.002 -19"><span class='ocrx_word' id='word_1_229' title='bbox 274 3439 356 3501; x_wconf 91' lang='lat' dir='ltr'>centi</span> <span class='ocrx_word' id='word_1_230' title='bbox 392 3459 425 3502; x_wconf 89' lang='lat' dir='ltr'>se</span> <span class='ocrx_word' id='word_1_231' title='bbox 449 3439 686 3519; x_wconf 88' lang='lat' dir='ltr'>extendentem,</span> <span class='ocrx_word' id='word_1_232' title='bbox 711 3439 816 3501; x_wconf 89' lang='lat' dir='ltr'>eidem</span> <span class='ocrx_word' id='word_1_233' title='bbox 842 3437 1002 3520; x_wconf 92' lang='lat' dir='ltr'>Gregorio</span> <span class='ocrx_word' id='word_1_234' title='bbox 1027 3437 1199 3501; x_wconf 88' lang='lat' dir='ltr'>Perachich</span> <span class='ocrx_word' id='word_1_235' title='bbox 1224 3439 1293 3502; x_wconf 89' lang='lat' dir='ltr'>viro</span> <span class='ocrx_word' id='word_1_236' title='bbox 1317 3459 1376 3502; x_wconf 92' lang='lat' dir='ltr'>suo</span> <span class='ocrx_word' id='word_1_237' title='bbox 1401 3440 1534 3503; x_wconf 92' lang='lat' dir='ltr'>donavit</span> 
     </span>
     <span class='ocr_line' id='line_1_28' title="bbox 272 3546 1530 3630; baseline -0.002 -19"><span class='ocrx_word' id='word_1_238' title='bbox 272 3559 430 3630; x_wconf 87' lang='lat' dir='ltr'>perpetuo</span> <span class='ocrx_word' id='word_1_239' title='bbox 461 3546 689 3630; x_wconf 88' lang='lat' dir='ltr'>possidendam</span> <span class='ocrx_word' id='word_1_240' title='bbox 721 3547 753 3608; x_wconf 94' lang='lat' dir='ltr'>in</span> <span class='ocrx_word' id='word_1_241' title='bbox 786 3546 919 3608; x_wconf 91' lang='lat' dir='ltr'>heredes</span> <span class='ocrx_word' id='word_1_242' title='bbox 950 3559 981 3608; x_wconf 90' lang='lat' dir='ltr'>et</span> <span class='ocrx_word' id='word_1_243' title='bbox 1012 3559 1156 3628; x_wconf 87' lang='lat' dir='ltr'>posteros</span> <span class='ocrx_word' id='word_1_244' title='bbox 1187 3565 1262 3608; x_wconf 88' lang='lat' dir='ltr'>suos</span> <span class='ocrx_word' id='word_1_245' title='bbox 1294 3561 1325 3609; x_wconf 93' lang='lat' dir='ltr'>et</span> <span class='ocrx_word' id='word_1_246' title='bbox 1348 3548 1530 3629; x_wconf 91' lang='lat' dir='ltr'>quomodo·</span> 
     </span>
     <span class='ocr_line' id='line_1_29' title="bbox 274 3651 1536 3736; baseline 0.002 -22"><span class='ocrx_word' id='word_1_247' title='bbox 274 3671 414 3735; x_wconf 89' lang='lat' dir='ltr'>cumque</span> <span class='ocrx_word' id='word_1_248' title='bbox 437 3653 577 3716; x_wconf 90' lang='lat' dir='ltr'>voluerit</span> <span class='ocrx_word' id='word_1_249' title='bbox 600 3653 834 3735; x_wconf 88' lang='lat' dir='ltr'>disponendam</span> <span class='ocrx_word' id='word_1_250' title='bbox 856 3653 940 3734; x_wconf 84' lang='lat' dir='ltr'>juxta</span> <span class='ocrx_word' id='word_1_251' title='bbox 959 3652 1184 3714; x_wconf 90' lang='lat' dir='ltr'>condicionem</span> <span class='ocrx_word' id='word_1_252' title='bbox 1209 3651 1346 3716; x_wconf 91' lang='lat' dir='ltr'>civitatis</span> <span class='ocrx_word' id='word_1_253' title='bbox 1369 3669 1536 3736; x_wconf 91' lang='lat' dir='ltr'>prenotate</span> 
     </span>
     <span class='ocr_line' id='line_1_30' title="bbox 272 3759 1536 3844; baseline 0.002 -23"><span class='ocrx_word' id='word_1_254' title='bbox 272 3760 312 3821; x_wconf 88' lang='lat' dir='ltr'>ab</span> <span class='ocrx_word' id='word_1_255' title='bbox 336 3760 472 3842; x_wconf 90' lang='lat' dir='ltr'>antiquo</span> <span class='ocrx_word' id='word_1_256' title='bbox 496 3760 706 3842; x_wconf 87' lang='lat' dir='ltr'>approbatam</span> <span class='ocrx_word' id='word_1_257' title='bbox 730 3773 761 3821; x_wconf 93' lang='lat' dir='ltr'>et</span> <span class='ocrx_word' id='word_1_258' title='bbox 784 3759 956 3842; x_wconf 89' lang='lat' dir='ltr'>superinde</span> <span class='ocrx_word' id='word_1_259' title='bbox 981 3771 1027 3820; x_wconf 90' lang='lat' dir='ltr'>est</span> <span class='ocrx_word' id='word_1_260' title='bbox 1051 3759 1141 3820; x_wconf 91' lang='lat' dir='ltr'>litera</span> <span class='ocrx_word' id='word_1_261' title='bbox 1166 3760 1225 3821; x_wconf 90' lang='lat' dir='ltr'>sub</span> <span class='ocrx_word' id='word_1_262' title='bbox 1250 3759 1403 3842; x_wconf 90' lang='lat' dir='ltr'>pendenti</span> <span class='ocrx_word' id='word_1_263' title='bbox 1429 3761 1536 3844; x_wconf 91' lang='lat' dir='ltr'>sigillo</span> 
     </span>
     <span class='ocr_line' id='line_1_31' title="bbox 273 3867 694 3930; baseline 0.002 -2"><span class='ocrx_word' id='word_1_264' title='bbox 273 3867 514 3929; x_wconf 90' lang='lat' dir='ltr'>communitatis</span> <span class='ocrx_word' id='word_1_265' title='bbox 537 3880 694 3930; x_wconf 78' lang='lat' dir='ltr'>emanata.</span> 
     </span>
    </p>

    <p class='ocr_par' dir='ltr' id='par_1_4' title="bbox 268 3972 1540 5121">
     <span class='ocr_line' id='line_1_32' title="bbox 375 3972 1537 4055; baseline 0.001 -20"><span class='ocrx_word' id='word_1_266' title='bbox 375 3973 452 4035; x_wconf 90' lang='lat' dir='ltr'>ltem</span> <span class='ocrx_word' id='word_1_267' title='bbox 471 3974 611 4055; x_wconf 87' lang='lat' dir='ltr'>quedam</span> <span class='ocrx_word' id='word_1_268' title='bbox 628 3974 720 4036; x_wconf 89' lang='lat' dir='ltr'>vinea</span> <span class='ocrx_word' id='word_1_269' title='bbox 746 3975 779 4035; x_wconf 93' lang='lat' dir='ltr'>in</span> <span class='ocrx_word' id='word_1_270' title='bbox 795 3973 955 4035; x_wconf 89' lang='lat' dir='ltr'>territorio</span> <span class='ocrx_word' id='word_1_271' title='bbox 981 3972 1118 4034; x_wconf 88' lang='lat' dir='ltr'>civitatis</span> <span class='ocrx_word' id='word_1_272' title='bbox 1136 3973 1279 4054; x_wconf 91' lang='lat' dir='ltr'>predicte</span> <span class='ocrx_word' id='word_1_273' title='bbox 1305 3973 1386 4036; x_wconf 90' lang='lat' dir='ltr'>inter</span> <span class='ocrx_word' id='word_1_274' title='bbox 1410 3975 1537 4036; x_wconf 89' lang='lat' dir='ltr'>vineam</span> 
     </span>
     <span class='ocr_line' id='line_1_33' title="bbox 268 4078 1537 4163; baseline 0.002 -23"><span class='ocrx_word' id='word_1_275' title='bbox 268 4080 327 4142; x_wconf 90' lang='lat' dir='ltr'>viri</span> <span class='ocrx_word' id='word_1_276' title='bbox 352 4080 501 4142; x_wconf 90' lang='lat' dir='ltr'>similiter</span> <span class='ocrx_word' id='word_1_277' title='bbox 525 4079 651 4163; x_wconf 90' lang='lat' dir='ltr'>providi</span> <span class='ocrx_word' id='word_1_278' title='bbox 677 4081 817 4142; x_wconf 89' lang='lat' dir='ltr'>Emerici</span> <span class='ocrx_word' id='word_1_279' title='bbox 843 4079 983 4160; x_wconf 87' lang='lat' dir='ltr'>agricole</span> <span class='ocrx_word' id='word_1_280' title='bbox 1008 4078 1065 4140; x_wconf 88' lang='lat' dir='ltr'>filii</span> <span class='ocrx_word' id='word_1_281' title='bbox 1091 4080 1228 4141; x_wconf 88' lang='lat' dir='ltr'>condam</span> <span class='ocrx_word' id='word_1_282' title='bbox 1254 4080 1380 4142; x_wconf 84' lang='lat' dir='ltr'>Nicolai</span> <span class='ocrx_word' id='word_1_283' title='bbox 1405 4079 1537 4160; x_wconf 86' lang='lat' dir='ltr'>labri,a</span> 
     </span>
     <span class='ocr_line' id='line_1_34' title="bbox 269 4185 1537 4269; baseline 0 -21"><span class='ocrx_word' id='word_1_284' title='bbox 269 4186 363 4269; x_wconf 87' lang='lat' dir='ltr'>plaga</span> <span class='ocrx_word' id='word_1_285' title='bbox 388 4186 531 4265; x_wconf 87' lang='lat' dir='ltr'>australi,</span> <span class='ocrx_word' id='word_1_286' title='bbox 555 4201 586 4249; x_wconf 93' lang='lat' dir='ltr'>et</span> <span class='ocrx_word' id='word_1_287' title='bbox 610 4187 693 4248; x_wconf 93' lang='lat' dir='ltr'>inter</span> <span class='ocrx_word' id='word_1_288' title='bbox 717 4186 887 4268; x_wconf 93' lang='lat' dir='ltr'>quoddam</span> <span class='ocrx_word' id='word_1_289' title='bbox 914 4185 1067 4248; x_wconf 80' lang='lat' dir='ltr'>fossatum</span> <span class='ocrx_word' id='word_1_290' title='bbox 1085 4205 1142 4247; x_wconf 88' lang='lat' dir='ltr'>seu</span> <span class='ocrx_word' id='word_1_291' title='bbox 1166 4186 1335 4248; x_wconf 90' lang='lat' dir='ltr'>decursum</span> <span class='ocrx_word' id='word_1_292' title='bbox 1361 4206 1443 4268; x_wconf 87' lang='lat' dir='ltr'>aque</span> <span class='ocrx_word' id='word_1_293' title='bbox 1468 4187 1537 4269; x_wconf 92' lang='lat' dir='ltr'>plu·</span> 
     </span>
     <span class='ocr_line' id='line_1_35' title="bbox 268 4291 1538 4376; baseline 0.001 -24"><span class='ocrx_word' id='word_1_294' title='bbox 268 4293 361 4355; x_wconf 90' lang='lat' dir='ltr'>vialis</span> <span class='ocrx_word' id='word_1_295' title='bbox 385 4293 424 4354; x_wconf 93' lang='lat' dir='ltr'>ab</span> <span class='ocrx_word' id='word_1_296' title='bbox 449 4293 516 4376; x_wconf 86' lang='lat' dir='ltr'>ipsa</span> <span class='ocrx_word' id='word_1_297' title='bbox 540 4293 732 4356; x_wconf 90' lang='lat' dir='ltr'>occidentali</span> <span class='ocrx_word' id='word_1_298' title='bbox 757 4307 846 4376; x_wconf 91' lang='lat' dir='ltr'>parte</span> <span class='ocrx_word' id='word_1_299' title='bbox 883 4292 1057 4370; x_wconf 85' lang='lat' dir='ltr'>existentis,</span> <span class='ocrx_word' id='word_1_300' title='bbox 1087 4312 1122 4353; x_wconf 91' lang='lat' dir='ltr'>ac</span> <span class='ocrx_word' id='word_1_301' title='bbox 1148 4291 1229 4354; x_wconf 85' lang='lat' dir='ltr'>infra</span> <span class='ocrx_word' id='word_1_302' title='bbox 1254 4312 1354 4374; x_wconf 90' lang='lat' dir='ltr'>usque</span> <span class='ocrx_word' id='word_1_303' title='bbox 1376 4293 1538 4374; x_wconf 91' lang='lat' dir='ltr'>quandam</span> 
     </span>
     <span class='ocr_line' id='line_1_36' title="bbox 268 4398 1539 4480; baseline -0.002 -20"><span class='ocrx_word' id='word_1_304' title='bbox 268 4411 385 4460; x_wconf 89' lang='lat' dir='ltr'>terram</span> <span class='ocrx_word' id='word_1_305' title='bbox 401 4398 658 4461; x_wconf 89' lang='lat' dir='ltr'>condicionalem</span> <span class='ocrx_word' id='word_1_306' title='bbox 678 4413 784 4462; x_wconf 92' lang='lat' dir='ltr'>nostre</span> <span class='ocrx_word' id='word_1_307' title='bbox 801 4399 1041 4460; x_wconf 89' lang='lat' dir='ltr'>communitatis</span> <span class='ocrx_word' id='word_1_308' title='bbox 1057 4417 1074 4459; x_wconf 92' lang='lat' dir='ltr'>a</span> <span class='ocrx_word' id='word_1_309' title='bbox 1104 4411 1194 4480; x_wconf 89' lang='lat' dir='ltr'>parte</span> <span class='ocrx_word' id='word_1_310' title='bbox 1213 4398 1416 4460; x_wconf 91' lang='lat' dir='ltr'>meridionali</span> <span class='ocrx_word' id='word_1_311' title='bbox 1434 4399 1539 4476; x_wconf 89' lang='lat' dir='ltr'>sitam,</span> 
     </span>
     <span class='ocr_line' id='line_1_37' title="bbox 268 4503 1540 4586; baseline -0.002 -20"><span class='ocrx_word' id='word_1_312' title='bbox 268 4505 367 4566; x_wconf 90' lang='lat' dir='ltr'>simul</span> <span class='ocrx_word' id='word_1_313' title='bbox 392 4524 464 4567; x_wconf 92' lang='lat' dir='ltr'>cum</span> <span class='ocrx_word' id='word_1_314' title='bbox 490 4506 582 4568; x_wconf 88' lang='lat' dir='ltr'>totali</span> <span class='ocrx_word' id='word_1_315' title='bbox 609 4503 727 4586; x_wconf 76' lang='lat' dir='ltr'>(hlorto</span> <span class='ocrx_word' id='word_1_316' title='bbox 759 4505 864 4567; x_wconf 90' lang='lat' dir='ltr'>eidem</span> <span class='ocrx_word' id='word_1_317' title='bbox 889 4505 981 4566; x_wconf 89' lang='lat' dir='ltr'>vinee</span> <span class='ocrx_word' id='word_1_318' title='bbox 1010 4505 1049 4566; x_wconf 93' lang='lat' dir='ltr'>ah</span> <span class='ocrx_word' id='word_1_319' title='bbox 1080 4503 1196 4566; x_wconf 91' lang='lat' dir='ltr'>eadem</span> <span class='ocrx_word' id='word_1_320' title='bbox 1222 4504 1428 4566; x_wconf 91' lang='lat' dir='ltr'>meridionali</span> <span class='ocrx_word' id='word_1_321' title='bbox 1453 4517 1540 4586; x_wconf 91' lang='lat' dir='ltr'>parte</span> 
     </span>
     <span class='ocr_line' id='line_1_38' title="bbox 270 4609 1540 4694; baseline -0.002 -22"><span class='ocrx_word' id='word_1_322' title='bbox 270 4610 448 4693; x_wconf 88' lang='lat' dir='ltr'>subjacenti</span> <span class='ocrx_word' id='word_1_323' title='bbox 473 4625 504 4674; x_wconf 92' lang='lat' dir='ltr'>et</span> <span class='ocrx_word' id='word_1_324' title='bbox 528 4612 699 4694; x_wconf 88' lang='lat' dir='ltr'>pertinenti</span> <span class='ocrx_word' id='word_1_325' title='bbox 725 4632 757 4672; x_wconf 91' lang='lat' dir='ltr'>se</span> <span class='ocrx_word' id='word_1_326' title='bbox 790 4611 1035 4689; x_wconf 87' lang='lat' dir='ltr'>extendentem,</span> <span class='ocrx_word' id='word_1_327' title='bbox 1061 4629 1116 4692; x_wconf 89' lang='lat' dir='ltr'>per</span> <span class='ocrx_word' id='word_1_328' title='bbox 1156 4610 1381 4672; x_wconf 91' lang='lat' dir='ltr'>vendicionem</span> <span class='ocrx_word' id='word_1_329' title='bbox 1404 4609 1540 4671; x_wconf 91' lang='lat' dir='ltr'>condam</span> 
     </span>
     <span class='ocr_line' id='line_1_39' title="bbox 271 4715 1539 4799; baseline -0.001 -21"><span class='ocrx_word' id='word_1_330' title='bbox 271 4717 354 4780; x_wconf 89' lang='lat' dir='ltr'>Petri</span> <span class='ocrx_word' id='word_1_331' title='bbox 379 4715 494 4798; x_wconf 86' lang='lat' dir='ltr'>judicis</span> <span class='ocrx_word' id='word_1_332' title='bbox 519 4718 677 4799; x_wconf 90' lang='lat' dir='ltr'>Hungari,</span> <span class='ocrx_word' id='word_1_333' title='bbox 701 4739 738 4779; x_wconf 88' lang='lat' dir='ltr'>ex</span> <span class='ocrx_word' id='word_1_334' title='bbox 763 4737 920 4779; x_wconf 90' lang='lat' dir='ltr'>consensu</span> <span class='ocrx_word' id='word_1_335' title='bbox 939 4717 1027 4778; x_wconf 83' lang='lat' dir='ltr'>Pauli</span> <span class='ocrx_word' id='word_1_336' title='bbox 1046 4730 1076 4778; x_wconf 93' lang='lat' dir='ltr'>et</span> <span class='ocrx_word' id='word_1_337' title='bbox 1101 4717 1268 4778; x_wconf 93' lang='lat' dir='ltr'>Valentini</span> <span class='ocrx_word' id='word_1_338' title='bbox 1292 4715 1432 4778; x_wconf 87' lang='lat' dir='ltr'>filiorum</span> <span class='ocrx_word' id='word_1_339' title='bbox 1457 4715 1539 4778; x_wconf 88' lang='lat' dir='ltr'>eius·</span> 
     </span>
     <span class='ocr_line' id='line_1_40' title="bbox 272 4821 1540 4906; baseline -0.001 -20"><span class='ocrx_word' id='word_1_340' title='bbox 272 4822 345 4886; x_wconf 92' lang='lat' dir='ltr'>dem</span> <span class='ocrx_word' id='word_1_341' title='bbox 362 4823 447 4886; x_wconf 86' lang='lat' dir='ltr'>Petri</span> <span class='ocrx_word' id='word_1_342' title='bbox 470 4821 584 4906; x_wconf 85' lang='lat' dir='ltr'>judicis</span> <span class='ocrx_word' id='word_1_343' title='bbox 609 4837 655 4886; x_wconf 92' lang='lat' dir='ltr'>est</span> <span class='ocrx_word' id='word_1_344' title='bbox 680 4824 853 4886; x_wconf 87' lang='lat' dir='ltr'>literatorie</span> <span class='ocrx_word' id='word_1_345' title='bbox 876 4837 992 4885; x_wconf 89' lang='lat' dir='ltr'>statuta</span> <span class='ocrx_word' id='word_1_346' title='bbox 1019 4821 1118 4885; x_wconf 91' lang='lat' dir='ltr'>Gallo</span> <span class='ocrx_word' id='word_1_347' title='bbox 1136 4821 1275 4904; x_wconf 91' lang='lat' dir='ltr'>agricole</span> <span class='ocrx_word' id='word_1_348' title='bbox 1291 4821 1359 4884; x_wconf 90' lang='lat' dir='ltr'>filio</span> <span class='ocrx_word' id='word_1_349' title='bbox 1385 4823 1476 4884; x_wconf 89' lang='lat' dir='ltr'>Pauli</span> <span class='ocrx_word' id='word_1_350' title='bbox 1500 4824 1540 4886; x_wconf 90' lang='lat' dir='ltr'>de</span> 
     </span>
     <span class='ocr_line' id='line_1_41' title="bbox 273 4929 1539 5013; baseline -0.001 -21"><span class='ocrx_word' id='word_1_351' title='bbox 273 4929 473 4993; x_wconf 82' lang='lat' dir='ltr'>Guralsowcz</span> <span class='ocrx_word' id='word_1_352' title='bbox 503 4930 674 4994; x_wconf 88' lang='lat' dir='ltr'>habitatori</span> <span class='ocrx_word' id='word_1_353' title='bbox 699 4931 783 4994; x_wconf 89' lang='lat' dir='ltr'>dicte</span> <span class='ocrx_word' id='word_1_354' title='bbox 811 4931 949 4993; x_wconf 88' lang='lat' dir='ltr'>civitatis</span> <span class='ocrx_word' id='word_1_355' title='bbox 976 4943 1132 5013; x_wconf 92' lang='lat' dir='ltr'>perpetuo</span> <span class='ocrx_word' id='word_1_356' title='bbox 1159 4929 1351 5012; x_wconf 90' lang='lat' dir='ltr'>possidenda</span> <span class='ocrx_word' id='word_1_357' title='bbox 1376 4941 1407 4991; x_wconf 90' lang='lat' dir='ltr'>et</span> <span class='ocrx_word' id='word_1_358' title='bbox 1430 4949 1539 5012; x_wconf 88' lang='lat' dir='ltr'>super-</span> 
     </span>
     <span class='ocr_line' id='line_1_42' title="bbox 274 5036 1376 5121; baseline 0.001 -23"><span class='ocrx_word' id='word_1_359' title='bbox 274 5036 347 5098; x_wconf 91' lang='lat' dir='ltr'>inde</span> <span class='ocrx_word' id='word_1_360' title='bbox 372 5051 418 5100; x_wconf 89' lang='lat' dir='ltr'>est</span> <span class='ocrx_word' id='word_1_361' title='bbox 442 5037 533 5100; x_wconf 88' lang='lat' dir='ltr'>litera</span> <span class='ocrx_word' id='word_1_362' title='bbox 558 5039 616 5100; x_wconf 86' lang='lat' dir='ltr'>sub</span> <span class='ocrx_word' id='word_1_363' title='bbox 641 5037 794 5121; x_wconf 92' lang='lat' dir='ltr'>pendenti</span> <span class='ocrx_word' id='word_1_364' title='bbox 819 5037 927 5120; x_wconf 91' lang='lat' dir='ltr'>sigillo</span> <span class='ocrx_word' id='word_1_365' title='bbox 956 5037 1197 5099; x_wconf 90' lang='lat' dir='ltr'>communitatis</span> <span class='ocrx_word' id='word_1_366' title='bbox 1222 5051 1376 5100; x_wconf 89' lang='lat' dir='ltr'>emanata.</span> 
     </span>
    </p>
   </div>
   <div class='ocr_carea' id='block_1_3' title="bbox 0 0 1924 5802">
    <p class='ocr_par' dir='ltr' id='par_1_5' title="bbox 0 0 1924 5802">
     <span class='ocr_line' id='line_1_43' title="bbox 0 0 1924 5802; baseline 0 0"><span class='ocrx_word' id='word_1_367' title='bbox 0 0 1924 5802; x_wconf 95' lang='lat' dir='ltr'> </span> 
     </span>
    </p>
   </div>
  </div>
 </body>
</html>
