3816 5802
816 603 1020 686 Anno1446.
1495 627 1531 690 7¹

270 821 483 883 Zerbechicza
507 821 607 902 vulgo
631 821 763 899 dictum,
788 821 828 882 ab
846 820 1012 882 occidente
1029 833 1137 881 autem
1161 839 1253 882 secus
1277 833 1307 882 et
1331 839 1430 902 penes
1448 820 1531 881 viam

271 948 491 1006 communem,
517 929 631 1008 viginti
656 928 706 988 vel
732 927 808 989 citra
841 927 942 989 dietas
968 925 999 986 in
1028 947 1061 988 se
1093 927 1322 1005 continentem,
1347 927 1442 988 Petro
1466 927 1536 987 lite-

271 1048 339 1094 rato
355 1031 423 1094 lilio
442 1033 621 1095 Sebastiani
638 1053 696 1116 pro
715 1034 826 1114 viginti
844 1033 945 1096 tribus
964 1033 1033 1096 flor.
1059 1033 1126 1095 auri
1146 1032 1362 1095 vendiderunt
1378 1047 1533 1115 perpetuo

271 1139 499 1221 possidendam
523 1152 555 1201 et
578 1138 751 1222 superinde
776 1153 823 1200 est
847 1139 938 1202 litera
961 1141 1020 1201 sub
1045 1139 1199 1222 pendenti
1223 1137 1330 1219 sigillo
1355 1136 1535 1199 communi·

270 1246 344 1309 tatis
369 1258 527 1308 emanata.

378 1353 457 1414 ltem
483 1353 623 1434 quedam
653 1353 871 1436 possessiones
903 1351 1102 1435 infrascripte
1135 1352 1273 1414 condam
1298 1351 1412 1414 Briccii
1437 1351 1536 1432 pisca·

270 1459 349 1520 toris
383 1459 462 1520 olim
487 1459 581 1542 jurati
606 1472 637 1520 et
658 1459 800 1520 concivis
823 1460 923 1520 nostri
960 1457 1017 1522 filii
1047 1459 1203 1521 lohannis
1226 1459 1266 1520 de
1292 1457 1535 1540 lwanya·Reka‚

271 1565 425 1628 videlicet
456 1565 573 1628 domus
603 1566 710 1644 lignea
742 1565 850 1628 totalis
877 1567 973 1628 simul
1005 1585 1080 1627 cum
1105 1565 1206 1628 fundo
1237 1565 1327 1627 totali
1364 1579 1394 1626 et
1418 1563 1535 1626 celario

201 1713 204 1720 -
270 1672 482 1734 subterraneo
507 1671 612 1733 eidem
644 1672 833 1753 subjacenti,
865 1691 902 1734 ac
935 1691 1056 1755 penore
1088 1672 1232 1734 eiusdem
1266 1671 1373 1732 celarii
1399 1683 1535 1748 murato,

271 1797 329 1840 nec
354 1798 420 1840 non
444 1777 601 1840 hedificiis
626 1779 657 1840 in
683 1779 766 1839 dicta
792 1779 920 1840 civitate
953 1779 1036 1841 inter
1062 1778 1197 1840 domum
1222 1777 1370 1839 similiter
1393 1776 1534 1857 ligneam

271 1899 301 1947 et
325 1884 464 1947 fundum
490 1883 599 1946 Gurak
623 1885 741 1946 sutoris
765 1899 796 1946 et
821 1885 927 1966 Egidii
961 1883 1117 1947 carnificis
1141 1885 1283 1947 filiorum
1309 1883 1447 1946 Emerici
1474 1883 1534 1943 Re·

270 1991 421 2074 dowlych
446 2011 482 2053 ac
507 1991 589 2053 inter
613 1990 751 2052 fundum
777 1991 939 2053 Dominici
958 1989 1127 2074 freniparis
1151 2005 1182 2052 et
1206 1990 1307 2052 Elene
1332 1990 1442 2051 relicte
1458 2008 1534 2050 con·

271 2098 344 2159 dam
370 2096 476 2180 Gyan,
501 2111 685 2159 nostrorum
709 2097 858 2160 similiter
884 2097 1078 2177 concivium,
1102 2116 1243 2159 necnon
1268 2097 1350 2159 inter
1374 2095 1453 2157 duas
1469 2095 1536 2156 vias

270 2222 459 2265 communes
483 2202 637 2282 habitam,
661 2223 758 2265 unam
783 2205 941 2284 integram
967 2204 1088 2266 curiam
1113 2204 1153 2265 ad
1171 2223 1265 2266 usum
1290 2203 1427 2266 civitatis
1452 2203 1534 2264 inse

270 2311 458 2386 continens;
483 2310 559 2370 item
591 2309 654 2371 alia
687 2309 803 2372 domus
837 2309 983 2372 similiter
1014 2309 1121 2392 lignea
1153 2311 1249 2372 simul
1281 2329 1354 2372 curn
1378 2308 1480 2370 fundo
1505 2321 1536 2370 et

269 2417 388 2480 celario
411 2419 620 2479 subterraneo
645 2437 681 2479 ac
706 2416 863 2479 hedificiis
894 2417 927 2478 in
952 2417 1066 2479 eadem
1099 2418 1227 2479 civitate
1258 2417 1341 2479 inter
1365 2415 1480 2477 domos
1504 2429 1535 2476 et

270 2523 389 2587 fundos
412 2525 547 2586 Fabiani
581 2525 748 2607 piscatoris
779 2539 811 2586 et
841 2524 962 2586 Vrbani
996 2525 1071 2586 dicti
1105 2525 1216 2608 Rosyn
1249 2523 1367 2602 habita,
1393 2522 1533 2584 mediam

270 2633 391 2693 curiam
427 2631 467 2693 ad
499 2651 593 2692 usum
619 2631 756 2693 civitatis
788 2631 819 2692 in
850 2650 883 2692 se
915 2632 1102 2708 continens;
1128 2631 1203 2692 item
1235 2629 1368 2712 quidam
1399 2628 1535 2712 (h)ortus

268 2738 365 2800 simul
390 2757 463 2800 cum
488 2738 616 2800 stabulo
642 2737 763 2800 ibidem
788 2738 898 2799 habito
923 2739 954 2798 in
995 2738 1157 2800 territorio
1182 2753 1291 2800 nostro
1317 2757 1374 2798 seu
1399 2736 1534 2798 civitatis

269 2845 411 2928 predicte
437 2865 537 2927 prope
554 2859 586 2907 et
606 2846 719 2906 subtus
743 2864 872 2906 murum
890 2843 974 2906 dicte
992 2845 1129 2906 civitatis
1145 2843 1231 2925 juxta
1257 2843 1413 2929 (hlortum
1432 2843 1533 2904 Bene-

269 2953 347 3014 dicti
379 2951 504 3034 judicis,
529 2973 545 3013 a
571 2965 659 3033 parte
684 2951 844 3030 orientali,
869 2965 899 3012 et
924 2971 1022 3033 penes
1053 2951 1139 3013 viam
1164 2970 1371 3013 communem
1397 2971 1414 3012 a
1438 2950 1533 3034 plaga

268 3059 471 3136 occidentali,
497 3071 584 3119 extra
619 3057 789 3140 portellam
823 3077 954 3140 parvam
986 3058 1123 3121 civitatis
1154 3050 1296 3140 predicte
1328 3058 1425 3134 situs;
1457 3057 1533 3119 item

269 3165 409 3246 quedam
434 3177 516 3226 terra
539 3164 670 3226 arabilis
694 3164 726 3225 in
752 3183 866 3246 campo
899 3163 1036 3227 civitatis
1069 3164 1211 3246 predicte
1245 3165 1335 3246 Krog
1359 3163 1534 3246 vulgariter

269 3271 445 3354 appellat0,
469 3285 553 3332 retro
577 3270 731 3332 videlicet
747 3269 915 3332 ecclesiam
933 3273 1016 3332 beati
1034 3271 1161 3333 Nicolai
1178 3270 1380 3350 confessoris,
1405 3283 1436 3332 et
1452 3271 1534 3331 inter

270 3377 433 3460 quendam
451 3376 592 3438 rivulum
616 3395 672 3437 seu
689 3376 823 3437 fluvium
842 3377 993 3438 metalem
1010 3391 1117 3440 nostre
1135 3378 1375 3440 communitatis
1399 3397 1434 3439 ac
1452 3377 1533 3438 inter

269 3499 369 3546 terras
393 3483 571 3544 liberorum
596 3482 733 3544 condam
760 3483 925 3545 Benedicti
955 3483 1070 3564 judicis
1101 3485 1235 3566 predicti
1268 3497 1299 3546 et
1323 3483 1531 3546 colendinurn

269 3589 538 3653 confraternitatis
557 3588 861 3650 Theuthonicorunr
886 3610 921 3651 ac
939 3589 1115 3652 liberorum
1132 3611 1188 3652 seu
1212 3610 1431 3652 successorum
1457 3610 1532 3652 con-

269 3699 341 3758 darn
369 3696 500 3758 Thorne
525 3695 673 3757 Oczwirk
698 3709 729 3757 et
753 3696 880 3758 Nicolai
906 3696 983 3758 olim
1002 3696 1117 3778 judicis
1140 3718 1178 3757 ac
1201 3697 1304 3759 eciam
1329 3698 1410 3758 inter
1433 3711 1532 3758 terras

270 3803 436 3866 kolendini
455 3801 722 3864 confraternitatis
739 3816 884 3864 sutorum
909 3802 1064 3882 habitam,
1089 3824 1147 3864 nec
1172 3823 1236 3865 non
1253 3823 1344 3866 secus
1361 3805 1428 3865 vias
1444 3823 1531 3865 com·

268 3929 383 3971 munes
407 3909 525 3988 habita,
550 3921 624 3971 octo
648 3909 699 3970 vel
725 3909 801 3970 citra
826 3908 927 3971 dietas
947 3923 1029 3970 terre
1055 3909 1137 3972 inse
1162 3911 1341 3989 continens,
1365 3897 1531 3993 perlega-

269 4017 395 4078 cionem
428 4016 698 4078 testamentariam
732 4012 846 4096 prefati
885 4016 999 4077 Briccii
1039 4017 1204 4098 piscatoris
1238 4016 1371 4098 provide
1404 4016 1531 4078 mulieri

269 4121 469 4205 Margaretha
486 4137 596 4184 vocate
622 4121 730 4183 relicte
749 4121 848 4204 ipsius
867 4122 979 4184 Briccii
998 4123 1163 4204 piscatoris
1190 4137 1263 4184 sunt
1288 4123 1530 4204 privilegialiter

267 4231 325 4292 sub
351 4229 505 4313 pendenti
530 4229 637 4309 sigillo
669 4229 910 4290 communitatis
935 4228 1120 4291 confirmate
1153 4243 1308 4312 perpetuo
1326 4229 1530 4311 possidende.

375 4337 453 4398 ltem
479 4336 635 4398 medietas
659 4336 824 4397 cuiusdam
848 4336 964 4397 domus
982 4351 1115 4416 mutate,
1144 4357 1161 4398 a
1187 4349 1275 4418 parte
1300 4337 1450 4397 anteriori
1475 4335 1529 4396 ha·

268 4443 344 4521 bita,
369 4454 400 4504 et
423 4442 579 4504 medietas
603 4441 770 4503 cuiusdam
796 4442 912 4504 domus
929 4443 1046 4523 lignee,
1070 4463 1086 4504 a
1111 4457 1200 4525 parte
1217 4443 1385 4526 posteriori
1411 4442 1529 4520 habita,

268 4549 299 4610 in
324 4549 451 4611 civitate
476 4549 635 4630 predicta;
660 4549 735 4610 item
761 4548 822 4610 alia
856 4549 1010 4610 medietas
1034 4549 1178 4610 eiusdem
1213 4550 1330 4610 domus
1354 4563 1486 4627 mutate,
1511 4569 1528 4610 a

268 4670 355 4738 parte
380 4656 549 4739 posteriori
582 4655 707 4732 habita,
740 4657 822 4716 inter
854 4655 1040 4737 porcionem
1073 4655 1204 4717 domine
1236 4655 1399 4717 Dorothee
1422 4654 1528 4716 relicte

268 4761 406 4824 condam
432 4761 571 4823 Ladislai
605 4762 645 4822 de
677 4762 811 4822 Preseka
843 4782 878 4823 ac
903 4763 984 4824 inter
1015 4762 1112 4824 aliam
1144 4762 1348 4824 medietatem
1386 4761 1529 4844 predicte

269 4869 384 4931 domus
417 4869 523 4950 lignee
555 4869 636 4930 inter
668 4869 854 4950 porcionem
890 4867 1036 4930 similiter
1068 4870 1167 4951 ipsius
1199 4869 1330 4930 domine
1357 4868 1529 4946 Dorothee,

269 4990 390 5058 partem
414 4976 565 5038 videlicet
588 4975 780 5037 anteriorem
799 4975 916 5054 habita,
941 4975 1080 5036 mediam
1099 4975 1219 5036 curiam
1242 4977 1273 5036 in
1298 4995 1330 5036 se
1348 4975 1527 5053 continens,

271 5097 315 5144 est
338 5083 514 5145 literatorie
537 5095 652 5144 statuta
676 5084 735 5144 sub
760 5081 913 5165 pendenti
931 5082 1037 5163 sigillo
1059 5082 1298 5144 communitatis
1317 5082 1464 5144 Emerico
1480 5081 1528 5163 ju·

270 5203 338 5252 rato
359 5191 478 5252 seniori
501 5187 569 5252 filio
595 5188 743 5271 Gregorii
774 5203 931 5272 perpetuo
962 5187 1165 5272 possidenda.
