3832 5804
591 1643 705 1729 Anno
732 1638 888 1727 Domini
914 1633 1167 1726 MOGGOLIX.
1196 1637 1236 1723 at
1262 1628 1545 1730 MGGGGLX.)?

410 1982 447 2058 ln
475 1981 618 2057 nomine
646 1978 803 2055 Domini.
833 1977 961 2054 Amen.
991 1977 1096 2053 Anno
1117 1976 1261 2052 D'omini
1291 1975 1479 2050 millesimo
1510 1971 1672 2072 quadrin-

411 2105 617 2206 gentesimo
655 2104 953 2204 quinquagesimo
973 2125 1082 2192 nono,
1111 2111 1275 2200 tempore
1299 2098 1479 2196 judicatus
1505 2095 1675 2196 lobannis

411 2229 469 2304 lilii
498 2224 610 2314 Petri,
635 2227 768 2326 judicis
797 2227 960 2302 moderni
994 2227 1151 2301 civitatis
1188 2230 1392 2324 prenotate,
1422 2244 1573 2320 presens
1612 2219 1673 2294 ka·

412 2353 574 2429 themum
603 2347 825 2428 estfactum
853 2350 947 2426 feria
974 2351 1089 2426 tercia
1113 2349 1275 2450 proxima
1303 2353 1389 2446 post
1416 2345 1548 2421 festum
1577 2345 1674 2419 beati

414 2474 590 2577 Stephani
628 2477 738 2576 regis,
776 2499 868 2552 nunc
905 2475 1067 2575 proxime
1105 2473 1327 2574 preteritum,
1365 2494 1475 2570 super
1502 2471 1674 2568 registra-

414 2602 518 2676 cione
555 2608 593 2676 et
630 2601 913 2699 consignaeione
949 2599 1131 2674 literarum
1168 2596 1437 2696 privilegialium
1477 2595 1600 2668 civium
1639 2601 1677 2668 et

414 2725 691 2800 inhabitatorum
712 2724 866 2799 civitatis
887 2731 1079 2822 prenotate
1100 2721 1207 2796 modo
1228 2728 1266 2796 et
1286 2720 1409 2794 ordine
1433 2717 1675 2816 infrascripto.

925 3009 988 3080 (21.
1022 3008 1166 3082 augusti).
1266 3067 1268 3072 ,

530 3166 607 3227 Item
641 3165 854 3226 communitas
885 3177 951 3225 tota
983 3184 1039 3246 per
1070 3163 1256 3226 mandatum
1297 3165 1490 3226 serenissimi
1523 3163 1676 3246 principis

416 3286 447 3333 et
471 3271 607 3350 domini,
631 3271 755 3332 domiui
781 3271 901 3332 Mathie
934 3271 1016 3352 regis
1040 3271 1217 3352 Hungarie,
1244 3271 1418 3349 Dalmacie,
1444 3269 1580 3332 Croacie
1604 3285 1677 3348 etc„

417 3377 541 3439 domini
575 3378 672 3438 nostri
706 3377 859 3438 naturalis
891 3377 1071 3454 literatum,
1104 3355 1181 3438 feria
1215 3377 1327 3458 quinta
1360 3376 1504 3458 proxima
1536 3391 1609 3458 post
1633 3376 1676 3436 fe·

416 3499 499 3546 stum
526 3483 769 3565 Assumpcionis
796 3482 929 3564 virginis
948 3481 1099 3563 gloriose,
1127 3483 1272 3563 proxime
1290 3483 1489 3564 preteritum,
1513 3482 1553 3544 ad
1583 3480 1678 3544 facies

417 3590 637 3652 universarum
662 3588 835 3649 domorum
860 3603 891 3649 er
915 3588 1086 3665 curiarum,
1104 3607 1162 3648 nec
1186 3607 1251 3648 nou
1276 3587 1441 3649 vinearum
1468 3602 1500 3649 et
1521 3600 1677 3650 terrarum

417 3695 660 3778 particularium
685 3695 896 3775 litigiosarum
919 3694 1044 3755 Nicolai
1070 3693 1221 3756 aurifabri
1239 3694 1270 3754 in
1296 3693 1380 3755 dicta
1404 3695 1531 3757 civitate
1555 3708 1587 3756 et
1611 3695 1678 3755 eius

418 3802 577 3863 territorio
601 3801 788 3862 habitarum·
807 3813 838 3862 et
862 3800 1082 3878 existentium,
1108 3799 1220 3860 vicinis
1244 3813 1275 3861 et
1298 3801 1529 3862 commetaneis
1553 3820 1678 3862 earum-

418 3908 491 3969 dem
518 3907 596 3969 inibi
621 3907 777 3987 legittime
801 3906 985 3967 convocatis
1010 3919 1040 3966 et
1063 3905 1263 3986 presentibus
1287 3905 1524 3985 accedentibus,
1549 3907 1676 3968 easdem

418 4027 505 4095 ,uxta
529 4031 653 4074 morem
678 4027 709 4073 et
740 4011 1005 4073 consuetudinem
1038 4011 1120 4073 dicte
1153 4010 1299 4090 civitatis,
1332 4013 1427 4073 simul
1460 4032 1533 4074 curn
1558 4014 1680 4075 cunctis

419 4120 604 4180 earumdem
631 4119 821 4179 utilitatibus
840 4131 871 4180 et
887 4119 1094 4199 pertinenciis
1118 4118 1276 4180 universis
1299 4116 1423 4200 prefato
1442 4119 1579 4180 Nicolao
1597 4119 1678 4180 auri·

419 4224 519 4302 fabre,
544 4225 674 4304 suisque
699 4223 871 4286 heredibus
897 4237 928 4286 et
950 4205 1190 4306 posteritatibus
1207 4224 1364 4285 universis
1389 4225 1594 4286 restatulmus
1610 4244 1679 4306 per·

419 4343 516 4413 petuo
540 4330 751 4412 possidendas
768 4343 798 4392 et
818 4331 989 4412 superinde
1014 4331 1122 4391 literas
1139 4344 1262 4392 nostras
1279 4309 1496 4392 restatutorias
1520 4332 1580 4391 sub
1605 4350 1679 4412 pen·

419 4436 507 4497 denti
531 4435 638 4516 sigillo
663 4435 769 4497 eidem
793 4437 928 4498 Nicolao
952 4435 1112 4498 aurifabro
1137 4435 1362 4528 concessimus.

419 4663 508 4739 ltem
536 4672 702 4765 tempure
727 4665 908 4762 judicatus
938 4667 1100 4742 eiusdem
1126 4665 1161 4742 in
1195 4691 1289 4743 auno
1317 4667 1462 4744 Domini
1492 4669 1679 4746 millesimo

419 4788 776 4887 quadringentesimo
815 4791 1070 4890 sexagesimo,
1108 4791 1199 4867 feria
1237 4794 1361 4892 quinta
1397 4792 1560 4892 proxima
1598 4801 1680 4868 ante

418 4910 551 4986 festum
590 4911 857 4988 Purificacionis
895 4914 1004 4989 beate
1046 4913 1160 4991 lllarie
1196 4916 1356 5015 virginis,
1394 4940 1485 4993 nunc
1521 4919 1680 5017 proxime

419 5041 616 5130 ventumm‚
645 5059 754 5136 super
781 5037 1046 5136 registracioue
1075 5039 1231 5138 ipsarum
1265 5040 1450 5116 literarum
1476 5041 1676 5141 privilegia·
