3854 5798
821 583 908 640 Anno
931 578 1024 660 1466.
1494 601 1530 664 ²5
1538 605 1553 666 3

293 687 555 694 --.-,----
574 688 646 693 -——.
667 687 674 692 .
694 688 728 692 .-.
1256 692 1280 697 -..
1451 693 1459 698 -

287 793 427 854 consorti
452 812 507 854 sue
532 792 688 874 legittime
712 790 777 853 filie
802 793 938 855 condam
957 793 1113 856 Anthonii
1132 796 1171 857 de
1199 797 1356 858 Prodauiz
1381 798 1553 879 legavisset

287 913 317 960 et
340 898 524 979 dimisisset,
548 899 622 960 ideo
648 918 706 961 nos
731 899 858 960 easdem
883 901 1017 962 domum
1042 921 1077 962 ac
1095 899 1243 980 fundum,
1269 923 1327 964 nec
1353 924 1418 964 non
1445 905 1554 965 vincas

287 1005 444 1088 predictas
467 1005 572 1067 eidem
598 1005 775 1089 Elyzabeth
796 1006 923 1068 mulieri
951 1007 1060 1068 relicte
1079 1008 1179 1089 ipsius
1203 1008 1340 1070 condam
1368 1010 1497 1072 Martini
1516 1031 1553 1072 ex

286 1112 450 1194 premissis
474 1113 534 1174 sibi
559 1111 766 1174 incumbente
783 1112 850 1194 jure
875 1127 1033 1196 perpetuo
1051 1114 1260 1196 possidendas
1290 1115 1459 1178 statuimus
1483 1131 1554 1196 etc,

287 1220 329 1281 ita
353 1233 473 1298 tamen,
498 1219 586 1301 quod
611 1217 733 1302 prefata
758 1219 890 1282 domina
908 1219 1085 1304 Elyzabeth
1110 1220 1150 1282 de
1167 1223 1340 1304 prescripta
1366 1223 1459 1284 vinea
1476 1243 1551 1284 con-

286 1325 440 1388 dicionali
464 1339 527 1387 tres
551 1325 687 1388 cubulos
712 1326 806 1388 musti
832 1326 1005 1388 colendino
1023 1327 1304 1390 Theutonicorum
1329 1342 1360 1390 et
1384 1329 1464 1390 alios
1488 1343 1550 1391 tres

286 1432 421 1494 cubulos
446 1432 541 1493 musti
566 1431 606 1494 ad
631 1432 788 1514 hospitale
814 1432 845 1493 in
879 1431 962 1494 dicta
995 1434 1121 1495 civitate
1153 1433 1297 1496 habitum
1323 1435 1397 1498 dare
1430 1451 1460 1497 et
1484 1437 1546 1498 sol-

286 1559 357 1600 vere
381 1541 577 1600 tenebuntur
600 1551 632 1600 et
654 1539 722 1600 eius
746 1538 851 1601 cuncti
875 1558 1073 1601 successores
1097 1553 1155 1603 etc.

392 1645 490 1719 Quod
516 1645 591 1726 quia
609 1645 657 1706 vir
674 1645 828 1727 providus
853 1657 883 1706 et
900 1644 1053 1707 honestus
1071 1645 1249 1726 Gregorius
1266 1647 1431 1731 Bdwdych
1449 1649 1552 1711 dictus

285 1771 449 1814 successor
485 1751 621 1814 condam
656 1751 822 1814 Michaelis
858 1750 1038 1834 frcniparis,
1071 1753 1211 1814 concivis
1243 1769 1370 1831 noster,
1406 1755 1553 1817 vendidit

286 1859 449 1941 quoddam
475 1857 572 1919 fenile
596 1877 690 1919 suum
716 1858 748 1918 in
773 1858 934 1919 territorio
960 1859 1045 1921 dicte
1077 1859 1212 1920 civitatis
1236 1873 1267 1922 et
1296 1859 1442 1942 undique
1469 1861 1552 1923 inter

283 1980 382 2027 terras
406 1979 436 2028 et
461 1963 570 2026 senilia
595 1978 702 2026 nostre
727 1965 967 2026 communitatis
991 1965 1136 2027 habitum
1162 1979 1193 2028 et
1218 1967 1356 2028 existens
1381 1967 1547 2028 Anthonio

287 2071 487 2155 Thermsych
513 2069 580 2134 filio
606 2072 742 2134 condam
767 2071 903 2132 Emerici
931 2071 1088 2133 Thermsa
1113 2072 1200 2134 dicto
1224 2074 1355 2134 concivi
1380 2087 1490 2136 nostro
1514 2095 1550 2135 ac

285 2198 341 2260 per
365 2197 439 2240 eum
464 2178 563 2261 ipsius
595 2177 766 2240 heredibus
801 2197 860 2260 pro
891 2197 944 2239 sex
977 2177 1046 2240 flor.
1079 2178 1147 2240 auri
1184 2177 1329 2240 vendidit
1356 2191 1387 2240 et
1415 2179 1551 2241 contulit

285 2305 391 2347 cosam
418 2285 511 2347 nobis
536 2299 595 2348 etc.

389 2391 486 2465 Quod
511 2391 646 2474 provida
671 2391 787 2452 mulier
812 2388 989 2474 Elyznbeth
1014 2405 1126 2454 vocata
1151 2411 1282 2454 consors
1308 2393 1449 2454 Ladislai
1467 2391 1548 2456 Cza·

283 2497 491 2580 ranthowych
516 2497 653 2558 senioris
676 2497 769 2580 jurati
788 2511 819 2560 et
832 2499 974 2559 concivis
992 2499 1103 2577 nostri,
1128 2499 1160 2560 id
1176 2518 1247 2561 cum
1273 2497 1444 2560 sufficienti
1461 2500 1547 2561 testi·

282 2605 396 2666 monio
422 2604 656 2686 comprobavit,
681 2617 716 2666 ut
744 2603 822 2666 dum
856 2604 923 2687 ipse
948 2605 987 2665 ad
1021 2617 1126 2686 partes
1150 2604 1239 2666 ltalie
1274 2605 1447 2682 recesisset,
1472 2617 1548 2666 tunc

282 2711 349 2793 ipse
374 2712 523 2772 universa
547 2713 632 2772 bona
657 2730 715 2772 sua
743 2711 847 2772 eidem
881 2712 972 2772 uxori
997 2731 1053 2772 sue
1086 2711 1326 2772 vendendenari
1351 2712 1547 2773 attribuisset

282 2815 465 2880 facultatem
490 2831 521 2880 et
546 2817 653 2879 debita
679 2817 824 2878 eiusdem
849 2817 1065 2900 persolvendi,
1091 2818 1163 2880 ideo
1190 2818 1256 2901 ipsa
1282 2817 1445 2900 quandam
1470 2838 1541 2900 par·

280 2924 412 2986 ticulam
438 2924 607 2986 cuiusdam
632 2938 714 2986 terre
739 2925 839 3006 ipsius
856 2925 998 2986 Ladislai
1016 2925 1098 2987 inter
1118 2939 1217 2987 terras
1242 2925 1379 2987 arabiles
1403 2925 1545 3005 Achacii,

280 3033 320 3094 ab
345 3032 538 3095 occidentali
555 3046 642 3114 parte
660 3051 697 3094 ac
714 3032 797 3094 inter
814 3033 898 3094 viam
916 3032 1079 3114 publicam
1097 3052 1152 3094 seu
1170 3051 1376 3094 communem
1396 3051 1545 3114 magnam

279 3139 465 3201 oboriente
491 3139 633 3200 habitam
658 3151 689 3200 et
713 3139 914 3218 existentem,
939 3139 1145 3202 medietatem
1178 3139 1322 3201 eiusdem
1362 3153 1443 3201 terre
1469 3159 1545 3221 qua·

279 3259 352 3308 tuor
376 3245 478 3307 dietas
501 3257 584 3307 terre
609 3245 642 3306 in
666 3265 699 3306 se
725 3246 955 3323 continentem,
974 3265 991 3307 a
1008 3246 1150 3328 predicta
1167 3245 1318 3307 videlicet
1342 3259 1431 3328 parte
1449 3245 1543 3306 meri·

281 3351 403 3415 dionali
429 3372 527 3414 seua
551 3365 639 3434 parte
665 3352 740 3414 dicti
766 3351 856 3414 fluvii
887 3353 1053 3435 Zavvycza,
1082 3353 1168 3414 salva
1186 3353 1248 3413 alia
1273 3352 1447 3414 medietate
1465 3352 1546 3413 eius-

280 3457 354 3519 dam
379 3472 503 3521 terrea
528 3472 618 3542 parte
650 3459 905 3541 septemtrionali
937 3479 993 3520 seu
1018 3479 1034 3520 a
1058 3471 1146 3541 parte
1180 3458 1256 3520 dicti
1281 3459 1433 3520 decursus
1456 3477 1539 3540 aque

280 3565 378 3647 vulgo
402 3565 559 3627 thodol
583 3565 641 3627 sita
667 3579 697 3628 et
720 3565 897 3646 adjacente,
922 3584 1019 3646 quam
1045 3566 1092 3626 vir
1116 3564 1270 3647 providus
1295 3564 1419 3626 Blasius
1449 3578 1538 3626 sutor

280 3673 505 3756 Nekerscenyk
530 3672 693 3755 possidere
718 3672 894 3735 dinoscitur
923 3671 1100 3754 empcionis
1123 3671 1228 3735 titulo,
1252 3675 1328 3750 (sic).

386 3779 485 3853 Quod
509 3781 585 3862 quia
618 3779 754 3842 Mathias
786 3779 984 3860 Tergovvecz
1016 3779 1120 3840 dictus
1151 3778 1228 3838 alias
1262 3777 1403 3838 concivis
1435 3789 1542 3838 noster

279 3883 364 3948 filius
388 3886 525 3948 condam
544 3886 699 3948 Anthonii
718 3886 757 3947 de
776 3885 931 3969 Selnycza
950 3884 1112 3966 quandam
1131 3884 1267 3945 domum
1284 3902 1374 3945 suam
1391 3882 1544 3962 ligneam,

279 3993 374 4055 simul
400 4012 472 4054 cum
498 3991 599 4055 londo
624 4005 654 4056 et
679 3993 796 4055 celario
821 3995 1029 4054 subterraneo
1054 4011 1090 4054 ac
1115 3989 1274 4052 hedificiis
1299 3990 1331 4050 in
1357 3989 1441 4050 dicta
1467 3989 1544 4049 civi-

278 4113 343 4162 tate
366 4101 449 4162 inter
472 4101 635 4181 quandam
659 4100 806 4161 semitam
832 4111 974 4161 nostram
999 4117 1220 4178 communem,
1244 4117 1260 4158 a
1285 4095 1539 4178 septemtrionali

278 4219 378 4289 parte,
404 4221 435 4268 et
459 4207 540 4268 inter
559 4207 704 4284 domum,
729 4204 867 4267 fundum
885 4218 916 4267 et
932 4203 1080 4267 hedificia
1106 4204 1268 4265 Dominici
1294 4199 1449 4264 carnificis
1467 4221 1540 4264 con·

279 4313 357 4375 civis
381 4314 492 4393 nostri,
524 4334 540 4374 a
573 4312 777 4374 meridionali
809 4325 896 4394 parte
929 4311 1070 4374 habitam
1105 4325 1136 4373 et
1169 4311 1368 4388 existentem,
1400 4308 1541 4370 mediam

279 4424 400 4486 curiam
425 4423 465 4485 ad
490 4443 584 4484 usum
609 4424 691 4485 dicte
717 4421 854 4483 civitatis
871 4423 903 4482 in
924 4441 957 4482 se
975 4420 1194 4482 continentem
1214 4432 1285 4497 etc,
1311 4418 1381 4478 viro
1406 4417 1541 4480 discreto

279 4531 413 4592 domino
439 4530 578 4592 Martino
610 4530 749 4612 plebano
782 4528 822 4590 de
857 4529 973 4589 Rakwa
1007 4526 1155 4587 similiter
1191 4525 1316 4587 concivi
1342 4538 1450 4585 nostro
1474 4521 1541 4584 filio

279 4637 430 4700 videlicet
454 4638 583 4722 Mathey
607 4636 647 4697 de
666 4636 793 4714 Baltwa,
819 4654 854 4696 ac
879 4653 935 4716 per
952 4653 1026 4694 eum
1049 4631 1096 4693 illi
1115 4632 1166 4694 vel
1184 4632 1248 4692 illis
1272 4631 1323 4693 cui
1347 4630 1399 4692 vel
1424 4629 1541 4711 quibus

278 4745 345 4829 ipse
370 4745 402 4806 in
427 4746 491 4806 vita
515 4743 566 4804 vel
591 4743 622 4803 in
648 4756 751 4804 morte
776 4740 863 4822 juxta
888 4739 1118 4802 condicionem
1152 4738 1236 4800 dicte
1261 4737 1398 4800 civitatis
1422 4736 1461 4798 ab
1486 4753 1540 4796 an-

278 4854 370 4936 tiquo
394 4852 616 4936 approbatam,
641 4868 698 4932 pto
727 4847 973 4930 quatuordecim
1006 4845 1075 4909 flor.
1100 4846 1169 4908 auri
1194 4844 1340 4906 vendidit
1364 4857 1435 4923 etc,
1460 4861 1540 4924 quo·

279 4961 518 5042 modocumque
542 4957 681 5020 voluerit
704 4956 951 5039 disponendam.

384 5067 482 5144 Quod
496 5068 571 5154 quia
588 5067 636 5128 vir
648 5065 803 5150 providus
820 5063 1005 5128 Anthonius
1018 5060 1220 5148 Optasnych,
1239 5079 1376 5122 necnon
1394 5057 1540 5120 Thomas
