3816 5802
394 541 436 601 42
926 523 1013 581 Anno
1034 537 1127 600 1444.

395 760 412 800 a
438 737 487 798 via
513 736 677 798 communi
704 755 804 816 usque
830 735 970 796 rivulum
999 756 1030 795 se
1063 734 1300 812 extendentem,
1334 734 1477 815 Georgio
1501 733 1568 796 filio
1593 735 1656 794 Ko-

396 844 478 926 prini
504 843 544 904 de
571 841 762 904 Deschevvcz
787 857 818 904 et
851 842 985 926 Symoni
1017 839 1085 902 lilio
1116 843 1208 902 Milsa
1233 839 1289 903 lilii
1324 842 1471 923 Dyonisii
1495 841 1534 902 de
1560 841 1658 902 Schu-

397 949 471 1012 bina
496 969 553 1031 pro
578 963 650 1010 octo
676 947 745 1011 flor.
777 948 845 1009 auri
877 947 1023 1009 vendidit
1055 961 1210 1030 perpetuo
1243 947 1470 1029 possidendam
1496 961 1526 1009 et
1550 966 1659 1028 super·

396 1056 471 1117 inde
496 1069 541 1117 est
565 1055 655 1116 litera
681 1056 740 1114 sub
765 1053 918 1136 pendenti
943 1053 1050 1134 sigillo
1075 1054 1317 1116 communitatis
1342 1066 1499 1116 emanata.

500 1162 577 1223 ltem
603 1161 711 1222 relicta
737 1161 874 1222 condam
901 1159 1032 1240 Georgii
1059 1161 1242 1245 Pykoxvych
1267 1161 1367 1222 Elena
1399 1175 1511 1222 vocata
1537 1158 1655 1220 medie·

395 1283 491 1331 tatem
518 1268 684 1330 cuiusdam
710 1269 839 1346 domus,
863 1267 966 1346 fundi,
990 1268 1098 1330 celarii
1124 1283 1154 1328 et
1179 1267 1401 1330 hedificiorum
1420 1268 1451 1328 in
1477 1268 1548 1328 vico
1574 1281 1657 1329 exte-

395 1377 470 1438 riori
494 1395 550 1437 seu
570 1376 672 1456 platea
698 1374 950 1436 Theuthonicali
976 1376 1058 1435 inter
1075 1374 1190 1434 domos
1218 1389 1249 1435 et
1274 1373 1391 1436 fundos
1409 1373 1556 1456 Gregorii
1573 1374 1653 1454 agri-

395 1483 464 1544 cole
482 1483 556 1544 dicti
575 1482 663 1560 Mali,
681 1483 720 1542 ab
740 1501 801 1541 una
825 1495 924 1563 parte,
949 1483 988 1542 ab
1012 1480 1110 1542 altera
1129 1499 1204 1541 vero
1228 1495 1316 1562 parte
1335 1480 1468 1562 Georgii
1485 1500 1654 1563 campana-

394 1590 471 1652 toris
493 1589 610 1666 habite,
628 1588 767 1649 mediam
787 1587 907 1648 curiam
923 1587 954 1647 in
969 1607 1001 1648 se
1013 1587 1215 1666 continentis,
1235 1606 1333 1650 unam
1352 1589 1501 1650 videlicet
1518 1601 1656 1648 tanturn-

395 1698 494 1760 modo
511 1711 655 1780 quartam
674 1697 760 1758 curie
785 1697 874 1757 inse
899 1696 1127 1774 continentem,
1152 1716 1190 1757 ex
1214 1710 1303 1779 parte
1321 1695 1437 1758 domus
1462 1697 1561 1778 ipsius
1578 1695 1657 1758 Gre-

394 1805 476 1886 gorii
504 1805 580 1865 Mali
606 1803 681 1864 dicti
706 1803 847 1864 habitam
872 1817 903 1862 et
927 1802 1087 1880 situatam,
1112 1801 1230 1862 Mathis
1248 1803 1349 1864 sutori
1373 1801 1440 1866 filio
1459 1802 1593 1864 Vidonis
1617 1802 1656 1863 de

396 1911 577 1973 Petrowina
603 1924 633 1972 et
658 1909 774 1990 Agneti
799 1929 855 1970 sue
879 1909 1031 1986 consorti,
1057 1923 1090 1969 ut
1117 1909 1210 1970 novis
1234 1909 1420 1971 concivibus
1448 1909 1572 1986 nostris,
1597 1927 1654 1989 pro

397 2037 514 2080 novem
532 2017 646 2078 marcis
662 2016 868 2076 denariorum
893 2015 1038 2075 vendidit
1063 2029 1217 2096 perpetuo
1243 2015 1469 2096 possidendam
1496 2029 1526 2076 et
1549 2034 1657 2095 super·

395 2123 469 2185 inde
494 2137 540 2184 est
564 2123 653 2184 litera
678 2123 737 2182 sub
763 2119 916 2202 pendenti
941 2120 1049 2202 sigillo
1075 2123 1314 2184 communitatis
1338 2136 1495 2185 emanata.

500 2229 578 2291 ltem
603 2228 742 2310 quedam
775 2228 903 2306 domus,
935 2226 1055 2288 fundus
1080 2243 1109 2289 et
1142 2227 1288 2291 hedificia
1314 2230 1488 2290 liberorum
1521 2248 1577 2289 seu
1602 2227 1655 2288 he-

394 2337 506 2398 redum
531 2355 570 2396 an
596 2353 815 2395 successorum
841 2332 979 2394 condam
1003 2333 1130 2395 Thome
1148 2335 1349 2416 agricultoris
1368 2335 1399 2396 in
1423 2335 1505 2396 dicta
1530 2335 1655 2396 civitate

393 2443 475 2504 inter
498 2442 613 2503 domos
639 2454 670 2502 et
694 2438 812 2502 lundos
837 2438 969 2520 Georgii
995 2440 1197 2521 agricultoris
1230 2455 1260 2501 et
1285 2441 1451 2502 Benedicti
1478 2439 1571 2520 jurati
1600 2437 1655 2500 filii

393 2547 541 2632 Gywani,
566 2567 601 2607 ac
626 2546 760 2606 Fabiani
785 2545 997 2626 agricultoris,
1022 2559 1204 2607 nostrorum
1221 2547 1369 2608 similiter
1393 2548 1586 2624 concivium,
1603 2545 1657 2634 ba·

393 2655 457 2716 bita
482 2667 512 2715 et
536 2653 684 2729 existens,
709 2652 850 2713 mediam
875 2653 996 2714 curiam
1023 2652 1062 2713 ad
1089 2673 1182 2714 usum
1200 2654 1283 2714 dicte
1300 2655 1438 2716 civitatis
1463 2655 1495 2714 in
1519 2673 1553 2714 se
1578 2672 1652 2713 con·

392 2761 506 2836 tinens,
531 2779 567 2818 ex
593 2777 642 2836 eo,
668 2759 741 2839 quia
768 2757 807 2818 de
833 2777 868 2818 ea
890 2759 949 2840 ipsi
975 2759 1067 2820 liberi
1087 2772 1118 2821 et
1135 2759 1267 2820 heredes
1291 2779 1348 2821 seu
1372 2779 1569 2820 successores
1587 2778 1654 2840 pre·

393 2865 447 2926 lati
473 2865 602 2926 Thome
635 2865 724 2926 dacia
750 2879 780 2925 et
812 2878 899 2926 taxas
925 2885 960 2926 ac
991 2865 1176 2946 vigilaturas
1205 2879 1236 2927 et
1267 2866 1328 2926 alia
1354 2864 1460 2926 debita
1485 2879 1516 2927 et
1539 2882 1654 2946 oppor-

391 2987 469 3034 tuna
494 2972 626 3032 servicia
645 2983 751 3032 nostra
776 2971 961 3033 communia
979 2971 1054 3032 dare
1071 2992 1088 3032 a
1110 2971 1256 3053 pluribus
1273 2973 1436 3033 retroactis
1454 2971 1656 3053 temporibus

392 3077 576 3156 noluerunt,
602 3076 761 3158 Gregorio
794 3075 861 3138 lilio
887 3077 1053 3156 Anthonii,
1088 3097 1173 3139 novo
1198 3078 1323 3139 concivi
1349 3092 1469 3156 nostro,
1496 3097 1553 3162 pro
1585 3097 1654 3159 per·

391 3185 557 3246 solucione
582 3185 724 3266 ipsorum
751 3183 916 3245 daciorum
942 3205 979 3244 ac
1002 3204 1060 3265 pro
1090 3185 1281 3266 inpensione
1306 3199 1337 3245 et
1361 3184 1548 3266 peraccione
1574 3184 1654 3264 ipsa-

392 3310 461 3352 rum
487 3291 729 3371 vigilaturarum
754 3305 785 3351 et
809 3290 946 3351 aliorum
972 3290 1154 3352 debitorum
1174 3304 1204 3352 et
1221 3305 1479 3372 opportunorum
1505 3289 1655 3351 servicio-

391 3417 461 3459 rum
485 3411 668 3458 nostrorum
683 3397 905 3458 communium
932 3396 1004 3458 data
1029 3411 1075 3457 est
1100 3411 1256 3479 perpetuo
1274 3397 1468 3480 possidenda
1493 3410 1523 3458 et
1547 3414 1653 3476 super-

393 3504 466 3566 inde
491 3517 538 3565 est
562 3503 653 3565 litera
676 3504 735 3564 sub
760 3502 913 3585 pendenti
938 3504 1045 3584 sigillo
1075 3504 1314 3566 communitatis
1339 3517 1495 3566 emanata.

497 3609 574 3672 ltem
600 3609 780 3670 Fridericus
804 3609 895 3670 aliter
920 3609 1038 3691 Frycze
1068 3622 1198 3671 vocatus
1235 3610 1398 3690 quandam
1423 3611 1538 3671 silvam
1562 3629 1652 3670 suam

392 3715 423 3776 in
448 3715 608 3777 territorio
634 3715 769 3776 civitatis
794 3715 934 3796 predicte
953 3716 1035 3776 inter
1060 3715 1187 3776 vineam
1207 3716 1368 3776 Pedkonis
1391 3715 1448 3777 filii
1475 3715 1586 3799 Kyrini
1613 3715 1652 3775 de

393 3821 499 3882 lvllalra
524 3835 554 3882 ct
579 3821 660 3882 inter
692 3821 805 3881 silvam
839 3819 1015 3881 liberorum
1052 3821 1188 3882 condam
1215 3822 1327 3882 Briccii
1363 3821 1477 3902 judicis
1502 3821 1653 3898 habitam,

390 3927 526 4009 desuper
544 3948 562 3988 a
580 3928 629 3989 via
653 3927 819 3988 communi
845 3941 874 3987 et
892 3925 973 3988 infra
999 3947 1098 4009 usque
1117 3928 1255 3989 rivulum
1281 3949 1313 3989 se
1332 3927 1569 4006 extendentem,
1594 3947 1651 4009 pro

390 4034 534 4095 remedio
559 4035 666 4095 anime
683 4033 812 4095 salutari
840 4034 947 4096 uxoris
966 4035 1075 4115 ipsius,
1094 4033 1243 4116 hospitali
1262 4036 1393 4096 ecclesie
1419 4037 1510 4097 beate
1527 4054 1652 4117 semper

390 4141 522 4222 virginis
548 4140 647 4201 Marie
673 4139 855 4201 incivitate
888 4140 1030 4221 predicta
1063 4140 1101 4201 de
1127 4161 1212 4202 novo
1244 4139 1379 4203 fundato
1405 4155 1435 4204 et
1459 4142 1652 4224 pauperibus

391 4247 422 4306 in
448 4267 486 4308 eo
511 4247 573 4308 deo
605 4246 818 4307 servientibus
852 4260 881 4308 et
914 4247 1177 4327 permanentibus
1202 4248 1234 4308 in
1267 4261 1458 4329 perpetuum
1490 4247 1652 4310 servituris

390 4351 478 4413 dedit
503 4365 533 4414 et
557 4353 730 4432 resignavit
755 4365 785 4412 et
809 4352 981 4434 superinde
1000 4367 1047 4414 est
1070 4353 1162 4414 litera
1188 4355 1246 4415 sub
1264 4354 1416 4436 pendenti
1440 4354 1548 4434 sigillo
1565 4373 1651 4414 com·

389 4459 553 4519 munitatis
578 4471 735 4520 emanata.

495 4564 572 4627 ltem
597 4565 766 4645 religiosus
790 4566 837 4626 vir
861 4565 956 4627 irater
980 4565 1175 4626 benedictus
1198 4566 1371 4646 gardianus
1400 4567 1527 4627 claustri
1552 4565 1650 4626 sancti

388 4671 571 4754 (Francisci)
590 4671 621 4731 in
642 4691 698 4732 sua
715 4685 745 4732 et
762 4672 864 4732 tocius
881 4685 1060 4733 conventus
1087 4671 1219 4733 fratrum
1238 4673 1381 4734 eiusdem
1405 4673 1532 4733 claustri
1550 4671 1647 4733 sancti

389 4777 549 4838 Francisci
576 4779 730 4859 personis,
764 4778 926 4860 quandam
960 4780 1088 4840 vineam
1114 4780 1270 4841 desertam
1304 4793 1334 4840 et
1358 4779 1535 4840 desolatam
1568 4779 1651 4840 lsecz

388 4883 486 4963 vulgo
510 4899 667 4963 vocatam,
692 4885 723 4945 in
756 4885 914 4948 territorio
940 4901 1048 4947 nostro
1077 4905 1132 4946 seu
1157 4887 1291 4947 civitatis
1317 4885 1457 4967 predicte
1483 4885 1514 4946 in
1541 4899 1649 4946 monte

388 4989 536 5052 similiter
561 4990 644 5054 lsecz
669 5005 794 5071 vocato,
819 4993 914 5053 simul
940 5013 1012 5056 cum
1039 5007 1119 5058 terra
1145 4993 1256 5054 arabili
1282 4992 1388 5056 eidem
1413 4991 1589 5073 subjacenti
1615 5011 1651 5054 ac
