3832 5804
561 1545 689 1645 (Anno
716 1545 873 1636 Domini
900 1545 1192 1647 MGOOGLVH.)

243 1899 331 1976 ltem
358 1902 393 1976 in
430 1924 523 1978 anno
553 1900 697 1978 Domini
727 1903 915 1978 millesimo
945 1902 1298 2002 quadringentesimo
1336 1905 1506 2004 quinqua-

242 2025 385 2123 gesimo
407 2026 574 2124 septimo,
599 2025 634 2100 in
662 2025 785 2124 vigilia
814 2026 899 2102 festi
928 2026 1196 2104 Purificacionis
1225 2029 1334 2104 beate
1363 2021 1508 2128 semper

241 2149 388 2247 virginis
418 2147 544 2240 Mario,
563 2157 730 2248 tempore
744 2147 927 2247 judicatus
956 2152 1060 2226 tercii
1095 2150 1252 2228 Conradi
1282 2152 1436 2228 Rawsar
1450 2151 1504 2250 jn-

242 2271 331 2347 dicis
360 2272 517 2348 ciuitatis
543 2271 879 2371 Montisgrecensis
899 2297 1050 2374 presens
1071 2274 1255 2350 laternum
1286 2282 1344 2350 est
1371 2275 1506 2350 lactum

242 2418 350 2492 super
377 2397 659 2495 consignacione
697 2395 880 2472 literarum
917 2399 1188 2498 privilegialium
1227 2399 1351 2474 civium
1382 2406 1420 2474 el
1456 2399 1505 2474 in-

241 2519 482 2595 habitatorum
513 2520 668 2596 civitatis
716 2521 877 2620 predicte
907 2521 1152 2597 confectarum
1192 2530 1231 2598 et
1259 2530 1506 2598 emanatarum

566 2644 674 2719 modo
704 2653 742 2720 et
770 2644 895 2720 ordine
923 2645 1174 2745 infrascriptis.

758 2923 798 2988 (1.
823 2911 990 2978 t‘ebruarir').

346 3049 423 3112 ltem
451 3050 563 3111 Petrus
586 3048 671 3112 filius
703 3051 841 3114 condam
875 3052 1002 3136 Martini
1037 3053 1225 3135 carpentarii
1260 3053 1423 3133 quandam
1458 3054 1505 3114 vi·

240 3175 335 3217 neam
359 3176 450 3218 suam
475 3156 506 3217 in
532 3157 693 3218 territorio
728 3157 865 3220 civitatis
898 3159 980 3220 inter
1004 3159 1131 3220 vineam
1158 3160 1287 3222 Martini
1320 3161 1450 3222 sartoris
1475 3175 1505 3222 et

242 3262 375 3343 Georgii
399 3262 539 3344 agricole
563 3262 717 3342 habitam,
749 3264 886 3346 desuper
918 3287 935 3326 a
967 3265 1017 3326 via
1043 3266 1208 3326 communi
1242 3279 1272 3326 et
1297 3265 1377 3327 infra
1404 3285 1505 3348 usque

241 3369 381 3431 rivulum
406 3389 439 3430 se
464 3368 701 3448 extendentem,
734 3371 879 3451 predicto
904 3371 1043 3432 Mancino
1075 3371 1189 3432 sartori
1213 3371 1320 3432 uicino
1345 3390 1404 3432 suo
1429 3391 1505 3432 ven·

243 3477 324 3540 didit
347 3491 503 3560 perpetuo
528 3477 755 3560 possidendam
789 3493 819 3541 et
851 3479 910 3540 sibi
944 3479 1117 3562 superinde
1143 3495 1188 3540 est
1220 3479 1310 3541 litera
1335 3481 1393 3539 sub
1427 3499 1504 3561 pen-

242 3584 329 3646 denti
354 3583 463 3666 sigillo
487 3585 726 3646 communitatis
752 3597 909 3648 emanata.

347 3689 423 3751 ltem
449 3689 581 3752 domina
607 3691 809 3770 Margaretha
834 3691 943 3753 relicta
965 3691 1101 3753 condam
1129 3691 1210 3753 Pero
1234 3691 1327 3772 jurati
1353 3691 1504 3772 primum,

241 3809 271 3858 et
293 3796 423 3859 tandem
449 3797 557 3859 relicta
583 3797 719 3858 condam
753 3795 867 3858 Briccii
899 3796 1024 3876 judicis,
1057 3797 1220 3878 quandam
1254 3796 1387 3858 domum
1413 3816 1503 3858 suam

240 3915 305 3964 tam
330 3916 488 3964 muratam
514 3921 611 3984 quam
636 3902 776 3985 ligneam
803 3904 835 3964 in
861 3903 988 3964 civitate
1006 3903 1149 3984 predicta
1172 3903 1254 3964 inter
1278 3881 1392 3963 domos
1417 3903 1503 3963 simi-

240 4007 311 4070 liter
336 4022 477 4070 mutatas
501 4022 532 4068 et
556 4006 674 4070 fundos
705 4008 862 4070 Anthonii
887 4007 979 4088 jurati
1013 4009 1112 4071 nostri
1145 4009 1292 4070 moderni
1324 4022 1354 4069 et
1379 4007 1504 4069 Nicolai

239 4115 368 4177 sartoris
392 4113 546 4193 habitam,
570 4134 623 4176 sex
648 4128 777 4196 quartas
801 4115 888 4176 curie
913 4116 944 4176 in
980 4135 1013 4176 se
1038 4115 1268 4193 continentem,
1293 4127 1324 4174 et
1348 4113 1503 4196 (hlortum

239 4219 270 4280 in
296 4220 452 4282 suburbio
477 4221 614 4282 civitatis
637 4223 749 4282 subtus
773 4221 927 4303 (hlottum
954 4221 1082 4305 Mathye
1099 4220 1191 4302 jurati
1218 4233 1249 4282 et
1274 4219 1440 4282 Michaelis
1456 4219 1503 4300 ju·

238 4325 296 4387 rati
320 4326 431 4406 generi
455 4327 503 4388 sui
528 4327 644 4402 situm,
670 4327 745 4388 item
770 4327 898 4389 vineam
922 4348 1017 4410 supra
1051 4327 1217 4388 ecclesiam
1243 4325 1343 4387 sancti
1368 4325 1502 4406 Georgii

239 4431 377 4493 martiris
402 4431 483 4494 inter
507 4433 634 4494 vineam
661 4433 816 4494 lobannis
849 4433 963 4511 judicis
995 4432 1052 4494 lilii
1077 4431 1191 4515 prelati
1224 4433 1305 4493 Pero
1331 4431 1423 4510 jurati
1448 4430 1502 4491 ha-

239 4537 350 4617 bitam,
374 4557 411 4599 ac
434 4551 550 4600 terram
576 4558 665 4600 suam
691 4539 843 4600 arabilem
878 4540 910 4600 in
936 4559 1050 4620 campo
1084 4538 1222 4600 civitatis
1253 4538 1395 4620 predicte
1420 4537 1504 4598 inter

238 4657 353 4706 terram
379 4644 513 4727 predicti
539 4644 695 4706 lobannis
711 4645 825 4726 judicis
849 4644 1003 4724 habitam,
1021 4645 1160 4707 sedecim
1187 4644 1288 4704 dietas
1312 4657 1393 4704 terre
1419 4641 1503 4702 inse

238 4750 471 4826 continentem,
496 4771 531 4811 ac
558 4771 657 4812 unum
683 4749 780 4811 fenile
816 4751 846 4811 in
874 4771 988 4832 campo
1022 4751 1158 4812 civitatis
1183 4751 1263 4810 inter
1296 4747 1404 4808 lenilia
1430 4747 1502 4808 Cle·

237 4858 355 4918 mentis
380 4856 546 4935 carnificis,
571 4858 610 4918 ab
636 4857 771 4936 oriente,
788 4871 818 4918 et
844 4857 975 4937 Georgii
994 4857 1123 4918 sartoris
1147 4857 1186 4916 ab
1211 4854 1375 4916 occidente
1395 4854 1501 4930 situm,

238 4983 311 5025 cum
336 4964 402 5024 suis
426 4963 633 5046 pertinenciis
657 4963 802 5046 predicto
822 4963 960 5026 lohanni
987 4963 1083 5040 judici
1108 4961 1175 5023 filio
1200 4981 1258 5022 suo
1276 4959 1407 5020 donavit
1432 4977 1502 5040 per·
