3832 5804
404 517 462 598 138
930 522 1016 579 Anno
1039 531 1130 598 1452.

399 731 538 793 condam
563 730 711 813 Gregorii
736 732 829 812 jurati
855 733 931 794 dicti
950 731 1135 816 Gregurycz
1152 732 1210 794 filii
1228 732 1325 812 Galli,
1343 733 1506 814 quandam
1531 733 1659 794 vineam

398 838 498 920 ipsius
520 839 761 923 Moylrynschak
786 819 945 918 uocatam,
969 840 999 901 in
1019 841 1180 902 territorio
1205 853 1313 902 nostro
1339 841 1420 902 inter
1445 841 1572 901 vineam
1592 840 1661 900 Ste-

398 945 495 1028 phani
521 945 613 1026 jurati
640 963 671 1008 et
696 947 861 1008 Benedicti
887 945 1038 1009 aurifabri
1055 947 1210 1025 habitam,
1236 947 1342 1008 eidem
1368 948 1531 1029 Stephano
1556 945 1661 1026 jurato

397 1071 455 1132 pro
480 1051 592 1133 viginti
618 1053 762 1134 quinque
788 1052 856 1116 flor.
881 1054 950 1115 auri
980 1054 1169 1116 auctoritate
1204 1054 1422 1116 commissaria
1447 1051 1662 1112 vendiderunt

397 1173 551 1240 perpetuo
572 1159 799 1240 possidendam
825 1173 857 1222 et
880 1160 1052 1242 superinde
1081 1159 1141 1221 sibi
1167 1175 1213 1222 est
1236 1159 1326 1221 litera
1359 1161 1417 1221 sub
1442 1158 1594 1240 pendenti
1620 1157 1661 1218 si-

395 1263 476 1342 gillo
502 1266 743 1328 communitatis
767 1281 923 1330 emanata.

501 1388 579 1450 ltem
612 1390 786 1452 Katherina
817 1391 909 1454 aliter
941 1392 1082 1474 Verycza
1115 1405 1225 1452 vocata
1258 1389 1323 1452 filia
1356 1389 1494 1451 condam
1528 1389 1657 1470 Mathye

395 1497 524 1557 sartoris
555 1497 647 1578 jurati
680 1498 737 1560 filii
764 1500 911 1584 Mathye,
936 1520 1021 1561 nunc
1053 1518 1184 1561 consors
1217 1498 1307 1559 Pauli
1340 1498 1467 1576 sutoris,
1492 1496 1657 1578 quandam

395 1603 509 1664 silvam
534 1623 624 1666 suam
649 1606 682 1666 in
707 1607 867 1668 territorio
904 1621 1013 1668 nostro
1046 1607 1127 1668 inter
1159 1606 1286 1666 vineam
1321 1620 1352 1666 et
1375 1604 1489 1665 silvam
1524 1602 1658 1684 Georgii

396 1708 588 1792 Perachych,
615 1733 631 1774 a
656 1715 847 1792 meridione,
872 1729 903 1777 et
920 1714 1001 1776 inter
1025 1714 1138 1774 silvam
1163 1712 1329 1774 benedicti
1354 1711 1516 1793 portulani
1541 1731 1558 1770 a
1587 1729 1658 1792 sep·

395 1819 564 1879 temtrioae
580 1819 722 1881 habitam
741 1835 771 1882 et
784 1821 983 1899 existentem,
1002 1820 1135 1902 Gaspari
1151 1821 1277 1882 literato
1295 1817 1363 1880 filio
1377 1817 1512 1908 condam
1528 1817 1658 1878 Thome

396 1923 541 2006 Hungari
565 1946 624 2008 pro
649 1947 702 1988 sex
719 1926 788 1990 flor.
814 1928 881 1988 auri
899 1928 1046 1989 vendidit
1069 1943 1224 2010 perpetuo
1249 1925 1477 2008 possidendam
1502 1937 1532 1984 et
1548 1941 1657 2004 super-

394 2027 469 2091 inde
493 2046 539 2093 est
563 2033 622 2094 sibi
648 2034 738 2096 litera
756 2035 814 2096 sub
839 2034 992 2116 pendenti
1017 2033 1124 2114 sigillo
1150 2031 1391 2094 communitatis
1415 2045 1572 2092 emanata.

501 2153 578 2216 ltem
615 2157 777 2219 Johannes
808 2173 909 2220 sartor
939 2157 1024 2220 filius
1056 2157 1210 2240 Stephani
1249 2155 1405 2238 quasdam
1435 2154 1514 2216 duas
1546 2155 1658 2215 vineas

394 2281 477 2342 suas,
503 2283 599 2326 unam
625 2267 744 2328 cultam
769 2281 799 2328 et
823 2268 919 2329 aliam
945 2266 1114 2346 desertam,
1132 2267 1164 2327 in
1188 2265 1350 2327 territorio
1378 2277 1487 2326 nostro
1512 2264 1595 2325 inter
1611 2262 1657 2323 vi·

394 2389 488 2430 neam
514 2369 597 2432 lwan
623 2372 791 2456 Chaplych
816 2388 847 2435 et
871 2372 957 2436 Galli
983 2373 1124 2454 agricole
1142 2372 1276 2450 habitas,
1294 2391 1361 2432 sese
1385 2371 1537 2451 contigue
1561 2384 1592 2431 et
1608 2370 1656 2430 in-

393 2475 530 2538 mediate
555 2480 788 2560 contingentes,
806 2479 934 2562 Mathye
958 2500 1079 2563 genero
1097 2477 1288 2562 Trunthych
1312 2497 1371 2561 pro
1396 2491 1470 2539 octo
1494 2475 1564 2538 flor.
1582 2477 1654 2538 auri

393 2583 539 2645 vendidit
562 2601 718 2668 perpetuo
743 2587 953 2669 possidendas
985 2601 1016 2648 et
1039 2585 1212 2668 superinde
1237 2585 1306 2668 (est)
1322 2585 1382 2646 sibi
1407 2585 1499 2646 litera
1523 2585 1653 2667 privile·

391 2688 484 2768 gialis
500 2691 559 2752 sub
584 2694 736 2774 pendenti
760 2693 867 2774 sigillo
892 2693 1132 2756 communitatis
1156 2707 1312 2755 emanata.

498 2813 574 2876 ltem
601 2814 710 2878 Gurak
735 2815 875 2880 carnifex
900 2817 984 2879 filius
1009 2817 1234 2900 Matheykonis
1262 2815 1418 2878 carnificis
1442 2816 1473 2877 in
1499 2835 1556 2877 sua
1587 2829 1665 2902 tan-g

390 2921 561 2982 tummodo
585 2942 721 3004 persona
746 2939 777 2985 et
800 2924 934 3006 provida
960 2925 1077 2986 mulier
1101 2923 1278 3007 Elyzabeth
1307 2937 1429 3002 vocata,
1454 2942 1585 2984 consors
1609 2923 1655 2983 le-

389 3025 513 3106 gittima
528 3027 672 3090 eiusdem
690 3028 822 3112 Gyurak
846 3029 1012 3110 carnificis,
1030 3031 1062 3091 in
1086 3051 1142 3092 sua
1168 3045 1198 3093 et
1216 3031 1316 3093 Eleae
1333 3029 1397 3092 filie
1422 3049 1477 3092 sue
1495 3030 1652 3111 personis,

391 3133 553 3212 quandam
577 3147 693 3197 terrant
719 3151 774 3199 aut
798 3137 962 3218 quandam
987 3137 1177 3220 particulam
1193 3151 1275 3200 terre
1300 3157 1411 3200 eorum
1437 3135 1594 3198 arabilem
1620 3136 1652 3197 in

390 3257 504 3320 campo
529 3241 667 3304 civitatis
690 3244 832 3325 predicte
857 3245 938 3305 inter
969 3257 1085 3306 terram
1117 3245 1246 3306 Andree
1278 3259 1310 3306 et
1335 3241 1483 3324 Gregorii
1507 3241 1651 3304 filiorum

390 3345 527 3407 condam
554 3347 705 3430 Symonis
722 3350 761 3411 de
780 3350 912 3412 Raboch
935 3365 967 3413 et
983 3351 1065 3413 inter
1082 3351 1216 3414 fluvium
1234 3351 1274 3413 de
1291 3351 1456 3413 montibus
1481 3349 1652 3431 Popovdol

389 3453 509 3513 vocatis
533 3453 755 3518 decurrentem
780 3457 934 3537 habitam,
960 3477 1056 3519 unam
1081 3477 1154 3519 cum
1181 3458 1287 3519 media
1312 3457 1430 3519 dietam
1454 3471 1537 3518 terre
1560 3457 1592 3517 in
1619 3477 1651 3516 se

390 3559 619 3638 continentem,
643 3561 774 3642 prefatis
799 3563 926 3625 Andree
944 3577 975 3626 et
1000 3562 1159 3646 Gregorio
1177 3584 1235 3646 pro
1259 3585 1313 3625 sex
1341 3563 1411 3627 flor.
1436 3561 1653 3624 vendiderunt

388 3679 544 3747 perpetuo
569 3669 795 3750 possidendam
821 3683 852 3732 et
878 3670 1050 3752 superinde
1083 3685 1130 3733 est
1152 3671 1242 3734 litera
1279 3673 1338 3733 sub
1362 3670 1516 3753 pendenti
1541 3669 1649 3750 sigillo

389 3773 628 3834 communitatis
656 3789 813 3838 emanata.

494 3895 571 3957 Item
597 3897 758 3960 Fabianus
781 3913 870 3962 sutor
901 3899 986 3962 lilius
1008 3901 1158 3982 Gregorii
1191 3915 1221 3963 et
1246 3901 1428 3984 Stephanus
1451 3912 1540 3961 sutor
1564 3897 1648 3960 filius

389 3999 473 4060 lwan
498 4005 646 4064 concives
670 4006 781 4084 nostri,
806 4007 969 4087 quandam
993 4008 1121 4068 vineam
1154 4027 1267 4070 eorum
1291 4009 1323 4068 in
1355 4002 1514 4069 territorio
1538 4022 1648 4067 nostro

388 4107 470 4168 inter
494 4109 620 4171 vineam
638 4110 835 4192 prelatorum
854 4114 980 4174 Andree
999 4127 1028 4175 et
1054 4112 1203 4196 Gregorii
1220 4113 1362 4176 filiorum
1386 4114 1486 4196 ipsius
1510 4113 1647 4174 condam

389 4213 539 4295 Symonis
563 4236 598 4277 ac
623 4237 713 4279 secus
745 4219 829 4280 viam
861 4239 1011 4302 magnam
1044 4235 1075 4282 et
1106 4240 1313 4283 communem
1351 4235 1382 4282 et
1413 4221 1495 4281 inter
1519 4220 1646 4280 vineam

387 4319 541 4382 iohannis
565 4321 621 4384 lilii
640 4323 772 4407 Georgii
797 4327 836 4387 de
854 4327 963 4406 llowa,
988 4329 1150 4390 mediante
1167 4343 1275 4390 meatu
1292 4348 1375 4410 aque
1399 4327 1560 4411 pluvialis,
1577 4347 1647 4410 pre.-

386 4424 458 4486 fatis
481 4428 610 4490 Andree
635 4445 665 4490 et
691 4429 849 4512 Gregorio
874 4453 932 4514 pro
957 4435 1086 4514 triginta
1117 4435 1219 4496 tribus
1242 4435 1311 4498 flor.
1337 4435 1404 4497 auri
1430 4433 1646 4496 vendiderunt

386 4549 540 4615 perpetuo
558 4537 784 4616 possidendam
804 4554 835 4600 et
858 4540 1029 4622 superinde
1047 4541 1123 4624 ipsis
1149 4541 1219 4624 (est)
1236 4543 1328 4604 litera
1351 4544 1410 4604 sub
1427 4541 1581 4624 pendenti
1605 4541 1645 4602 si·

385 4639 464 4718 gillo
489 4643 728 4705 communitatis
752 4660 908 4708 emanata.

492 4764 568 4826 ltem
594 4767 750 4830 Martinus
773 4784 873 4832 sartor
904 4770 989 4833 lilius
1019 4771 1148 4854 Mathye
1181 4773 1257 4836 dicti
1284 4773 1387 4852 Sterk,
1411 4773 1575 4854 quandam
1600 4774 1646 4834 vi·

387 4887 479 4930 neam
504 4889 594 4932 suam
619 4873 651 4934 in
676 4875 837 4937 territorio
863 4877 998 4939 civitatis
1014 4881 1156 4960 predicte
1182 4881 1263 4942 inter
1288 4881 1415 4941 vineam
1442 4879 1538 4942 Blasii
1564 4880 1645 4941 Kur-

385 4977 520 5058 manych
538 4992 568 5038 et
585 4977 713 5040 Martini
731 4982 871 5062 agricole
889 4983 1042 5066 habitam,
1053 4985 1212 5074 Gregorio
1230 4986 1321 5050 fabro
1339 4987 1407 5054 filio
1422 4986 1555 5071 Georgii
1569 4987 1644 5050 dicti
