3854 5798
413 579 477 642 240
941 559 1031 621 Anno
1053 556 1145 642 1463.

412 792 511 854 penes
537 772 673 834 fundum
699 787 730 835 et
753 774 887 836 domum
913 789 1070 835 muratam
1089 787 1195 836 nostre
1220 774 1462 836 communitatis
1485 775 1625 837 habitam
1644 789 1676 838 et

412 879 612 957 existentem,
637 879 777 940 mediam
803 880 834 940 in
859 894 927 942 toto
960 881 1080 941 curiam
1115 895 1145 943 et
1169 893 1315 962 quartam
1350 895 1473 962 partem
1499 859 1610 944 octave
1636 882 1675 942 ad

411 1004 505 1046 usum
531 985 667 1046 civitatis
690 983 811 1067 prefate
837 987 868 1046 in
893 1006 926 1047 se
943 987 1174 1066 continentem,
1200 989 1305 1070 ipsum
1331 986 1510 1069 Georgium
1536 989 1674 1068 juratum

413 1110 551 1153 unacum
576 1089 700 1172 prefato
726 1093 905 1153 Laurencio
937 1091 1005 1153 lilio
1033 1113 1092 1154 suo
1125 1095 1240 1175 partim
1276 1108 1433 1176 quantum
1459 1095 1497 1155 ad
1524 1095 1675 1156 directam

413 1212 444 1259 et
468 1197 616 1278 equalem
641 1217 738 1258 unam
764 1199 970 1260 medietatem
995 1199 1094 1280 ipsius
1117 1201 1234 1261 domus
1265 1215 1297 1262 et
1321 1199 1412 1261 fundi
1450 1221 1486 1262 ac
1510 1201 1676 1262 hedificio·

413 1323 484 1365 rum
508 1323 525 1364 a
549 1303 619 1364 viro
644 1303 780 1364 condam
814 1305 950 1386 provido
975 1305 1096 1366 Mathia
1128 1303 1195 1366 filio
1228 1305 1364 1368 condam
1399 1305 1532 1388 Georgii
1556 1307 1674 1368 sutoris

413 1411 491 1472 olim
510 1410 660 1492 predialis
674 1411 837 1493 provincie
856 1411 1050 1474 chasmensis
1064 1412 1102 1472 de
1121 1413 1305 1497 Royltowcz
1323 1413 1401 1474 olim
1417 1415 1547 1476 concive
1565 1429 1673 1475 nostro

413 1517 602 1577 donacionis
625 1517 731 1594 titum,
755 1518 870 1600 partim
895 1533 1003 1580 autem
1028 1533 1184 1600 quantum
1218 1520 1257 1580 ad
1283 1519 1380 1580 aliam
1405 1521 1610 1583 medietatem
1635 1522 1675 1581 ab

414 1621 529 1684 eodem
555 1622 685 1704 Mathya
710 1623 889 1704 empcionis
912 1625 1008 1687 titulo
1034 1625 1209 1686 literatorie
1226 1639 1485 1704 concernentem,
1510 1647 1582 1688 cum
1607 1646 1675 1687 om·

414 1730 509 1790 nibus
533 1743 592 1790 etc.
625 1729 746 1790 Mathie
779 1731 923 1813 arcupari
956 1730 1024 1792 filio
1056 1732 1211 1794 lobannis
1243 1733 1283 1794 de
1317 1733 1428 1794 Zircha
1461 1747 1519 1795 etc.
1551 1733 1675 1794 concivi

413 1850 523 1898 nostro
546 1855 605 1918 pro
628 1836 758 1918 triginta
777 1836 846 1900 flor.
872 1840 940 1899 auri
958 1853 1018 1900 etc.
1036 1839 1234 1902 vendidisset
1257 1854 1315 1902 etc.
1340 1839 1426 1922 juxta
1451 1840 1675 1901 condicionem

413 1942 550 2004 civitatis
574 1955 740 2024 prenotate
765 1944 1075 2026 quomodocumque
1100 1946 1239 2008 voluerit
1263 1946 1511 2028 disponendam.

520 2047 617 2122 Quod
642 2049 717 2130 quia
735 2050 869 2130 provida
887 2051 1003 2112 molier
1020 2051 1116 2113 Clara
1134 2065 1245 2113 vocata
1260 2053 1368 2115 relicta
1386 2053 1523 2114 condam
1543 2051 1675 2133 Georgii

415 2153 496 2218 fabri
532 2155 757 2240 Ferencheych
801 2156 877 2218 dicti
909 2157 987 2218 olim
1020 2158 1162 2220 concivis
1193 2160 1311 2237 nostri,
1343 2174 1378 2220 ut
1409 2161 1476 2241 ipsa
1511 2159 1674 2240 quandam

414 2262 618 2323 medietatem
644 2262 810 2322 cuiusdam
836 2263 927 2324 vinee
951 2283 1007 2326 sue
1032 2265 1063 2325 in
1088 2265 1249 2327 territorio
1274 2278 1395 2344 nostr0,
1420 2267 1502 2328 inter
1525 2262 1635 2328 vineas
1659 2285 1676 2326 a

413 2381 501 2448 parte
514 2368 703 2428 occidentali
719 2368 866 2450 Dyonisii
881 2369 1065 2455 Sychchych
1076 2385 1106 2432 et
1123 2371 1252 2433 Thome
1267 2373 1454 2434 Thomasko
1472 2373 1548 2433 dicti
1565 2373 1674 2434 Sartor

414 2474 577 2534 seniorum
603 2473 778 2554 juratorum
804 2489 988 2537 nostrorum
1012 2492 1043 2537 et
1067 2479 1251 2539 concivium
1275 2491 1457 2540 nostrorum
1483 2499 1519 2539 ac
1544 2500 1559 2540 a
1586 2493 1674 2561 parte

414 2582 561 2643 orientali
587 2581 743 2643 Anthonii
766 2583 901 2643 senioris
918 2582 1033 2664 judicis
1050 2599 1080 2646 et
1104 2585 1245 2646 concivis
1264 2587 1375 2664 nostri,
1400 2587 1536 2668 desuper
1553 2606 1569 2646 a
1588 2599 1676 2668 parte

414 2688 670 2770 septemtrionali
695 2708 914 2750 successorum
947 2689 1084 2752 condam
1117 2691 1272 2752 Johannis
1305 2691 1488 2753 Crathehen
1514 2692 1676 2753 mediante

416 2793 534 2856 fossato
559 2794 666 2856 habite
691 2809 721 2855 et
746 2795 921 2875 existentis,
947 2795 1048 2878 ipsam
1080 2796 1248 2858 dominam
1280 2798 1459 2879 empcionis
1481 2798 1576 2858 titulo
1601 2817 1676 2858 con·

414 2915 597 2962 cernentem
623 2915 692 2980 ete,
716 2903 812 2964 simul
837 2922 909 2964 cum
928 2902 1046 2984 (h)0rto
1068 2904 1173 2966 eidem
1191 2905 1284 2966 vinee
1302 2905 1492 2985 subjacenti,
1515 2925 1587 2967 cum
1606 2925 1676 2966 om-

415 3009 510 3069 nibus
534 3022 601 3093 ¹etc.
635 3009 771 3069 Nicolao
803 3010 943 3090 agricole
976 3010 1099 3072 concivi
1136 3025 1246 3073 nostro
1278 3010 1345 3072 filio
1378 3012 1533 3074 Demetrii
1557 3031 1677 3093 genero

415 3115 514 3196 ipsius
539 3113 670 3175 domine
695 3114 791 3176 Clare
816 3117 930 3176 marito
954 3135 1031 3177 vero
1057 3118 1157 3180 Elene
1183 3119 1340 3179 consortis
1357 3118 1457 3198 ipsius
1481 3117 1606 3178 Nicolai
1632 3119 1675 3180 le·

414 3220 539 3300 gittime
564 3219 703 3280 dedisset
727 3235 757 3282 et
781 3222 980 3304 propinasset
1004 3223 1047 3283 ita
1071 3237 1191 3302 tamen,
1215 3224 1302 3305 quod
1334 3225 1400 3305 ipse
1425 3223 1577 3285 Nicolaus
1601 3244 1676 3285 ean-

414 3326 488 3387 dem
514 3325 642 3387 Claram
667 3328 837 3389 mulierent
861 3329 925 3390 vita
957 3329 1017 3389 sibi
1050 3330 1167 3392 comite
1192 3350 1265 3409 erga
1290 3349 1323 3390 se
1355 3344 1464 3391 tenere
1490 3345 1520 3392 et
1545 3350 1673 3391 conser-

415 3451 489 3492 vare
513 3431 546 3492 in
570 3433 656 3493 victu
681 3446 711 3493 et
735 3434 854 3496 amictu
885 3449 1040 3514 teneatur,
1073 3451 1103 3497 et
1136 3436 1223 3517 quod
1257 3437 1324 3517 ipse
1349 3437 1502 3498 Nicolaus
1540 3437 1676 3498 eandem

415 3538 539 3599 vineam
566 3558 583 3600 a
607 3539 715 3620 pueris
739 3543 778 3601 ab
803 3541 917 3602 eodem
943 3542 1099 3622 legittime
1124 3563 1196 3604 cum
1223 3543 1335 3604 eadem
1361 3543 1461 3604 Elena
1488 3563 1525 3603 ex
1549 3564 1608 3605 suo
1632 3543 1676 3606 fe-

414 3663 503 3705 more
526 3645 742 3726 procreandis,
767 3647 902 3708 eandem
927 3649 1053 3709 vineam
1080 3649 1220 3711 alienare
1237 3669 1292 3710 seu
1317 3650 1457 3711 vendere
1482 3669 1548 3711 non
1576 3651 1678 3732 possit

415 3751 514 3812 modo
539 3750 684 3833 aliquali.
