3832 5804
771 559 856 615 Anno
881 570 969 636 1453.
1441 581 1495 642 ¹5¹

1012 670 1090 676 --..
1122 669 1226 676 .-..---
1254 671 1309 676 -.-
1331 671 1499 678 ---—-

238 771 300 833 tori
324 769 392 832 filio
417 769 550 853 Georgii
576 790 635 855 pro
660 771 831 834 duodecim
856 772 926 836 flor.
950 773 1018 835 auri
1043 772 1189 836 vendidit
1217 789 1373 857 perpetuo
1399 775 1500 857 possi·

237 877 376 945 dendam
401 891 433 939 et
455 877 629 960 superinde
653 893 699 940 est
722 879 813 942 litera
851 880 910 942 sub
934 879 1088 962 pendenti
1121 879 1229 961 sigillo
1261 883 1501 944 communitatis

237 999 394 1048 emanata.

343 1091 421 1154 Item
447 1092 549 1154 Elena
573 1092 681 1154 relicta
706 1093 844 1155 condam
869 1091 1023 1176 Stephani
1053 1093 1169 1154 sutoria
1192 1091 1250 1154 filii
1276 1093 1360 1156 lwan
1385 1096 1417 1156 in
1442 1115 1498 1158 sua

237 1211 267 1259 et
300 1199 523 1260 universorum
557 1218 731 1282 puerorum
763 1219 896 1262 suorum
929 1199 1094 1280 utriusque
1126 1218 1219 1261 sexus
1250 1215 1280 1262 et
1305 1200 1336 1262 in
1361 1221 1497 1284 persona

238 1303 370 1386 Georgii
395 1303 499 1367 fratris
523 1305 584 1384 sui,
608 1305 771 1388 quandam
796 1306 923 1366 vineam
948 1305 1080 1368 totalem
1109 1319 1174 1366 tam
1197 1325 1287 1368 suam
1310 1326 1407 1388 quam
1432 1308 1497 1371 dic·

235 1427 343 1474 torum
367 1431 543 1495 puerorum
567 1425 598 1474 et
622 1409 726 1474 fratris
761 1429 892 1473 suorum
927 1411 959 1473 in
992 1411 1232 1494 Koztanyewye
1264 1413 1346 1475 inter
1370 1415 1497 1477 vineam

237 1520 355 1581 cultam
381 1518 465 1581 Petri
483 1518 636 1581 institoris
660 1531 691 1582 et
708 1518 873 1581 kolendini
892 1517 1159 1582 confraternitatis
1182 1533 1326 1581 sutorum
1344 1519 1497 1599 habitam,

237 1645 308 1687 cum
333 1625 399 1686 suis
424 1625 615 1686 utilitatibus
639 1639 670 1686 et
705 1625 910 1707 pertinenciis
944 1623 1101 1686 universis
1134 1624 1299 1686 Anthonio
1331 1624 1400 1688 filio
1425 1625 1494 1690 Cri·

235 1732 303 1793 sani
329 1731 369 1792 de
394 1729 526 1813 Dedych
551 1750 609 1812 pro
634 1731 784 1792 undecim
809 1729 878 1794 flor.
903 1731 972 1792 auri
990 1730 1135 1792 vendidit
1152 1745 1307 1812 perpetuo
1332 1733 1496 1812 possiden-

236 1840 309 1901 dam
334 1855 365 1900 et
388 1839 559 1921 superinde
584 1852 631 1901 est
654 1839 714 1900 sibi
738 1839 828 1901 litera
854 1841 913 1900 sub
941 1838 1095 1920 pendenti
1120 1838 1228 1920 sigillo
1253 1841 1495 1902 communitatis

236 1960 394 2007 emanata.

341 2051 418 2113 Item
445 2051 541 2134 Elyas
565 2051 687 2114 ludeus
710 2051 795 2113 lilius
826 2051 964 2113 condam
998 2051 1149 2133 Symonis
1181 2051 1375 2114 inhabitator
1411 2052 1494 2115 dicte

235 2157 382 2236 civitatis,
407 2159 569 2241 quandam
586 2158 713 2219 vineam
738 2177 794 2218 seu
811 2157 969 2220 vinealem
988 2157 1174 2238 porcionem
1193 2157 1224 2218 in
1242 2157 1403 2220 territorio
1419 2158 1495 2219 civi·

235 2265 307 2325 tatis
332 2264 473 2346 predicte
498 2263 580 2325 inter
604 2264 747 2325 vineales
763 2265 934 2345 porciones
950 2262 1112 2326 Valentini
1130 2279 1160 2325 et
1185 2263 1329 2324 Barnabe
1354 2261 1494 2325 filiorum

235 2371 371 2432 condam
399 2369 526 2432 Martini
552 2370 628 2432 dicti
654 2369 845 2453 Zytharych,
878 2389 894 2430 a
927 2369 1166 2451 septemtrione,
1197 2385 1228 2430 et
1262 2369 1392 2452 Mathye
1417 2370 1493 2434 dicti

236 2477 406 2560 Chaykyn,
430 2497 447 2538 a
473 2477 652 2538 meridione
677 2476 830 2554 habitam,
856 2475 924 2536 viro
942 2475 1078 2557 provido
1097 2475 1239 2557 Georgio
1264 2477 1403 2556 agricole
1427 2476 1494 2540 lilio

237 2582 384 2664 Gregorii
409 2582 581 2666 Zawalych
598 2601 657 2664 pro
674 2597 747 2644 octo
772 2601 844 2644 cum
863 2582 971 2644 medio
989 2581 1058 2645 flor.
1082 2583 1150 2644 auri
1169 2583 1313 2644 vendidit
1337 2597 1493 2665 perpetuo

233 2689 461 2772 possidendam
494 2689 548 2768 ita,
580 2687 667 2771 quod
700 2689 766 2770 ipse
800 2687 960 2769 Georgius
995 2703 1026 2750 et
1057 2688 1126 2749 eius
1157 2690 1261 2750 cuncti
1294 2708 1492 2752 successores

234 2797 416 2877 octuaginta
434 2795 583 2858 denarios
600 2795 639 2857 de
657 2795 770 2857 eadem
788 2795 880 2856 vinea
904 2793 943 2856 ad
962 2807 1106 2856 nostrum
1132 2795 1320 2857 comitatum
1337 2809 1410 2857 ante
1428 2796 1493 2858 col·

234 2901 411 2964 leccionem
444 2921 579 2964 uvarum
611 2901 736 2964 solvere
767 2903 962 2963 tenebuntur
993 2914 1024 2962 et
1057 2901 1237 2980 debebunt,
1262 2915 1293 2964 et
1320 2901 1492 2984 superinde

234 3023 280 3071 est
303 3009 363 3070 sibi
388 3009 478 3071 litera
503 3010 563 3070 sub
587 3007 739 3091 pendenti
765 3005 871 3088 sigillo
895 3007 1135 3069 communitatis
1160 3021 1316 3071 emanata.

284 3245 365 3317 Item
394 3245 426 3316 in
456 3245 541 3318 lesio
572 3245 827 3318 Purificacionis
856 3248 952 3318 beate
993 3267 1123 3335 semper
1152 3245 1293 3334 virginis
1322 3241 1437 3320 llarie.

751 3414 792 3476 (2.
809 3399 985 3476 februaris).

335 3537 411 3600 ltem
438 3540 564 3600 Marcus
588 3539 709 3601 ludeus
741 3539 825 3601 filius
856 3539 1030 3618 Abraham,
1063 3540 1236 3621 quemdam
1270 3539 1405 3602 fundum
1438 3561 1489 3602 va·

230 3663 325 3705 cuum
351 3658 435 3706 retro
459 3643 596 3708 fundum
622 3646 752 3708 domine
779 3645 952 3708 Scolastice
969 3646 1077 3707 relicte
1099 3659 1129 3707 et
1154 3665 1327 3728 puerorum
1352 3646 1489 3710 condam

229 3749 355 3810 Nicolai
380 3750 485 3830 jurati,
511 3753 550 3813 ab
575 3751 766 3814 occidentali
792 3765 890 3833 parte,
915 3766 946 3814 et
964 3752 1046 3814 inter
1071 3751 1207 3813 fundum
1233 3752 1409 3814 liberorum
1433 3773 1489 3815 seu

228 3857 447 3918 successorum
472 3857 610 3920 condam
644 3858 768 3919 domini
801 3859 972 3937 Francisci,
1004 3860 1044 3920 ab
1074 3859 1172 3920 altera
1205 3858 1355 3921 videlicet
1378 3879 1395 3921 a
1420 3879 1488 3942 sep·

227 3962 423 4025 temtrionali
446 3979 546 4046 parte,
570 3984 629 4027 nec
653 3985 717 4026 non
752 3965 832 4027 inter
864 3964 1002 4026 fundum
1038 3965 1135 4026 Blasii
1160 3964 1286 4045 judicis,
1320 3966 1359 4026 ab
1384 3965 1488 4026 orien-

228 4069 284 4130 tali
309 4083 340 4131 et
363 4070 570 4132 meridionali
594 4071 738 4154 partibus
762 4071 919 4150 habiturn,
937 4071 969 4132 in
987 4071 1190 4151 longitudine
1215 4069 1400 4152 quindecim
1418 4073 1488 4132 bra-

227 4174 297 4236 chia
321 4173 423 4237 ferrea
447 4191 478 4238 et
502 4178 534 4238 in
559 4177 728 4240 latitudine
765 4177 937 4239 duodecim
970 4177 1098 4238 brachia
1124 4176 1224 4239 ferrea
1257 4177 1289 4238 in
1322 4197 1354 4238 se
1388 4178 1487 4238 conti·

226 4295 367 4361 nentem,
392 4302 488 4344 unam
513 4284 633 4345 scilicet
657 4283 883 4344 tantummodo
901 4297 1046 4345 octavam
1064 4283 1151 4345 curie
1175 4283 1215 4344 ad
1238 4302 1331 4345 usum
1350 4283 1487 4345 civitatis

226 4386 349 4469 prefate
374 4389 407 4450 in
431 4409 464 4450 se
489 4391 718 4469 continentem,
750 4389 873 4472 prefato
904 4389 1009 4451 Blasio
1043 4389 1140 4471 judici
1166 4409 1203 4450 ex
1236 4408 1393 4451 consensu
1417 4409 1486 4450 om·

227 4495 317 4556 nium
342 4496 523 4558 vicinorum
547 4497 693 4559 vendidit
709 4511 864 4580 perpetuo
882 4497 1113 4579 possidendum
1137 4511 1168 4557 et
1191 4495 1362 4578 superinde
1380 4496 1486 4558 eidem

227 4603 336 4665 Blasio
354 4603 451 4685 judici
477 4601 548 4687 (est)
566 4604 656 4666 litera
680 4604 889 4686 privilegialis
906 4605 965 4665 sub
993 4603 1146 4685 pendenti
1171 4602 1278 4682 sigillo
1303 4603 1483 4664 communi·

225 4710 298 4771 tatis
322 4723 479 4772 emanata.

332 4815 410 4876 ltem
435 4815 567 4878 domina
593 4817 769 4900 Elyzabeth
802 4817 911 4878 relicta
944 4815 1080 4878 condam
1107 4813 1234 4875 Andree
1267 4813 1419 4876 Zwechar
1451 4815 1483 4875 in

225 4937 337 4984 suaet
362 4922 512 5004 Gregorii
537 4922 593 4986 filii
618 4924 665 4985 sui
692 4943 729 4985 ex
760 4924 904 5006 predicto
936 4922 1074 4984 condam
1106 4921 1235 4982 Andrea
1260 4921 1413 4982 Zwechar
1438 4921 1484 4982 le·

223 5029 348 5110 gittime
372 5030 532 5112 progeniti
555 5031 712 5113 personis,
736 5029 898 5112 quandam
922 5029 1034 5090 silvam
1052 5047 1143 5090 suam
1167 5041 1198 5089 et
1221 5028 1321 5110 ipsius
1344 5026 1403 5090 filii
1420 5028 1485 5107 sui,
