3832 5804
377 513 434 575 188
903 515 1102 592 Ann01459.

365 749 401 790 ac
426 728 581 790 Anthonii
604 742 761 806 sutorum,
786 729 968 790 concivium
994 741 1187 806 nostrorum,
1211 747 1228 788 a
1253 727 1507 810 septemtrionali
1527 740 1626 808 parte,

363 851 426 896 tres
444 835 475 895 in
494 849 563 896 toto
581 849 709 916 quartas
726 835 811 896 curie
828 835 868 896 ad
886 854 980 896 usum
997 834 1132 896 civitatis
1149 833 1268 916 prefate
1287 834 1368 894 inse
1393 833 1624 911 continentem,

364 941 535 1002 Lodouico
567 939 635 1003 filio
667 941 803 1002 condam
837 941 921 1002 Petri
955 940 1108 1022 Stephani
1140 940 1180 1001 de
1212 940 1351 1018 Riuino,
1384 959 1469 1002 novo
1501 938 1626 1001 concivi

364 1060 473 1108 nostro
497 1067 533 1108 ac
565 1067 719 1128 pereum
754 1048 818 1108 suis
851 1047 1023 1108 heredibus
1055 1065 1112 1128 pro
1145 1045 1275 1127 triginta
1306 1046 1434 1108 duobus
1465 1045 1534 1106 flor.
1559 1045 1629 1106 auri

364 1151 511 1214 vendidit
543 1169 699 1235 perpetuo
732 1153 960 1235 possidendam
993 1169 1024 1216 et
1055 1152 1229 1236 superinde
1252 1155 1311 1214 suh
1335 1153 1489 1235 pendenti
1521 1153 1629 1233 sigillo

363 1258 455 1320 litera
480 1275 587 1320 nostre
608 1261 848 1322 communitatis
872 1275 919 1322 est
942 1261 1002 1321 sibi
1029 1274 1188 1324 emanata.

469 1363 545 1426 ltem
571 1366 786 1428 communitas
803 1367 921 1428 civium
947 1367 1084 1428 civitatis
1115 1379 1281 1449 prenotate
1305 1366 1469 1447 quandam
1493 1366 1628 1428 domurn

364 1471 505 1553 ipsorum
531 1487 700 1550 muratam,
724 1472 823 1534 simul
856 1492 928 1534 curn
963 1472 1063 1534 fundo
1089 1489 1119 1533 et
1150 1471 1284 1534 edificiis
1315 1487 1381 1533 tarn
1406 1473 1504 1554 lignei
1530 1493 1629 1554 quam

365 1578 485 1658 lapidei
511 1579 627 1660 operis,
653 1579 735 1640 inter
756 1593 786 1640 et
802 1599 901 1662 penes
925 1579 1058 1640 domurn
1076 1579 1223 1640 similiter
1247 1591 1406 1640 muratam
1432 1578 1550 1640 Matlrei
1568 1593 1629 1640 sta·

363 1686 496 1746 cionarii
521 1684 613 1764 jurati
639 1687 738 1746 nostri
763 1685 921 1764 moderni,
946 1707 963 1746 a
988 1686 1192 1748 meridionali
1209 1699 1309 1768 parte,
1324 1705 1359 1746 ac
1386 1685 1467 1746 inter
1492 1681 1628 1745 fundum

363 1791 519 1852 Anthonii
546 1791 707 1872 arcuparis
731 1792 823 1852 aliter
847 1793 950 1854 lanko
975 1793 1079 1853 vocati
1099 1807 1281 1853 nostrorum
1307 1790 1491 1852 concivium
1518 1791 1558 1850 ab
1576 1809 1628 1851 oc·

364 1897 515 1958 cidentali
541 1911 629 1980 parte
653 1897 807 1976 habitam,
833 1917 930 1960 unam
956 1899 1112 1979 integram
1136 1899 1256 1959 curiam
1282 1897 1314 1958 in
1339 1917 1371 1958 se
1397 1897 1629 1975 continentem,

366 2018 438 2084 post
469 2023 627 2066 recessum
660 2005 837 2066 iudeorum
870 2005 910 2066 ad
941 2005 1042 2086 ipsam
1075 2004 1341 2066 communitatem
1372 2003 1527 2085 (racione)
1563 2023 1630 2065 non

363 2109 539 2171 solucionis
562 2125 705 2172 taxarum
731 2111 856 2172 domini
874 2113 974 2172 nostri
998 2112 1082 2192 regis
1112 2131 1147 2172 ac
1164 2111 1302 2172 aliorum
1328 2125 1509 2170 nostrorum
1534 2129 1630 2192 super

363 2236 422 2277 nos
447 2237 503 2298 pro
521 2231 665 2299 tempore
683 2218 941 2296 constitutorum,
959 2237 1054 2298 quarn
1081 2217 1180 2278 eciam
1199 2230 1380 2277 nostrarum
1406 2217 1629 2278 communium

362 2323 579 2400 collectarum,
597 2323 906 2404 vigilaturarumque
920 2345 955 2384 ac
972 2324 1109 2384 aliorum
1124 2322 1306 2384 debitorum
1325 2337 1355 2383 et
1369 2337 1627 2404 opportunorum

363 2431 570 2490 serviciorum
608 2431 667 2512 ipsi
702 2431 836 2491 domino
868 2447 977 2492 nostro
1010 2431 1076 2511 regi
1109 2431 1248 2512 primum
1274 2443 1305 2490 et
1335 2429 1465 2490 tandem
1497 2428 1629 2510 prelatis

362 2537 433 2596 aliis
457 2536 598 2597 dominis
623 2537 749 2614 nostris,
774 2557 810 2597 ac
835 2537 966 2598 demum
989 2537 1090 2599 eciam
1116 2536 1210 2597 nohis
1227 2555 1285 2618 pro
1309 2536 1500 2617 peragendis
1525 2550 1556 2598 et
1575 2557 1627 2598 ex-

364 2643 532 2725 pediendis
556 2645 649 2705 certis
673 2643 763 2705 factis
788 2645 1016 2705 communibus
1047 2644 1140 2704 nobis
1168 2661 1316 2724 sumpme
1347 2643 1528 2704 necessario
1553 2663 1628 2725 pro·

361 2751 528 2812 vestiendis
552 2765 583 2812 et
607 2749 763 2813 debendis
787 2752 845 2812 rite
870 2765 900 2812 et
924 2751 1080 2831 legittime
1113 2749 1312 2826 devolutam,
1346 2749 1528 2810 honorabili
1553 2751 1622 2812 viro

361 2858 514 2938 magistro
540 2857 709 2919 Francisco
735 2858 892 2918 canonico
917 2857 1049 2918 ecclesie
1078 2857 1293 2938 zagrahiensis
1318 2855 1417 2934 dedit,
1443 2855 1576 2918 donavit
1593 2872 1625 2919 et

361 2963 545 3045 propinavit
570 2979 725 3045 perpetuo
755 2963 982 3046 possidendam
1012 2979 1042 3026 et
1058 2963 1229 3044 superinde
1254 2964 1313 3024 sub
1338 2963 1491 3045 pendenti
1518 2963 1627 3044 sigillo

361 3071 452 3132 litera
477 3084 584 3132 nostre
613 3072 854 3133 communitatis
878 3086 925 3132 est
948 3071 1008 3131 sibi
1034 3085 1190 3132 emanata.

467 3176 545 3237 ltem
578 3176 778 3238 honorabilis
807 3178 854 3238 vir
886 3177 1037 3238 dominus
1070 3177 1180 3237 Petrus
1213 3177 1368 3258 presbiter
1391 3174 1476 3237 filius
1501 3175 1627 3237 Herrici

362 3283 401 3343 de
427 3282 597 3364 Sulczpah,
629 3283 874 3346 archidiaconus
906 3285 946 3346 de
979 3285 1116 3346 Kemlek
1141 3297 1171 3344 et
1203 3285 1377 3345 canonicus
1409 3283 1543 3346 ecclesie
1576 3303 1627 3344 za-

362 3391 548 3470 grabiensis,
574 3391 728 3472 quasdam
753 3406 816 3453 tres
840 3393 1010 3474 porciones
1036 3391 1176 3453 vineales
1200 3411 1272 3452 suas
1297 3392 1380 3452 inter
1403 3391 1532 3452 vineam
1559 3391 1627 3452 Ste-

364 3496 461 3577 phani
485 3497 601 3558 sutoris
625 3497 766 3558 concivis
784 3499 894 3576 nostri,
918 3519 935 3558 a
959 3498 1213 3580 septemtrionali
1231 3513 1330 3579 parte,
1345 3512 1376 3558 et
1400 3497 1483 3558 inter
1498 3497 1628 3558 vineam

363 3601 500 3662 condam
532 3603 656 3663 domini
689 3603 861 3684 Augustini
894 3604 1060 3686 presbiteri
1092 3602 1149 3665 filii
1182 3603 1354 3684 Augustini
1386 3603 1506 3664 Kwsne
1540 3603 1629 3682 dicti,

363 3707 487 3785 pridem
513 3707 617 3786 jurati,
641 3729 657 3770 a
683 3710 888 3770 meridionali
918 3725 1017 3792 parte,
1043 3709 1172 3771 Thome
1204 3710 1317 3772 sartori
1342 3707 1410 3770 filio
1435 3710 1562 3771 Nicolai
1588 3709 1629 3772 de

362 3811 564 3896 Garignycha
589 3816 707 3876 seniori
732 3816 836 3897 jurato
860 3817 1051 3898 concivique
1074 3831 1183 3878 nostro
1208 3836 1244 3878 ac
1269 3836 1324 3898 per
1349 3835 1423 3877 eum
1448 3817 1514 3878 suis
1537 3817 1628 3878 here·

363 3918 457 3980 dibus
481 3939 538 4001 pro
564 3920 772 3983 fidelitatibus
805 3937 835 3984 et
867 3922 1011 3985 fidelium
1044 3923 1253 3984 servitiorum
1287 3923 1503 4003 gratuitorum
1528 3923 1629 4002 dedit,

361 4022 492 4086 donavit
515 4041 544 4088 ct
568 4028 703 4090 contulit
727 4029 793 4110 jure
812 4045 968 4112 perpetuo
990 4029 1201 4111 possidendas
1225 4045 1255 4090 et
1279 4029 1453 4112 superinde
1477 4032 1537 4090 sub
1553 4050 1632 4112 pen·

361 4129 448 4192 denti
473 4133 580 4213 sigillo
604 4135 695 4197 litera
721 4151 829 4198 nostre
855 4138 1095 4199 communitatis
1120 4151 1167 4199 est
1183 4137 1244 4198 sibi
1273 4151 1430 4199 emanata.

436 4347 532 4423 Feria
561 4363 685 4442 quarta
721 4355 875 4444 proxima
904 4369 982 4428 ante
1011 4359 1135 4428 festum
1163 4355 1420 4428 Purificacionis
1449 4359 1548 4428 beate

773 4501 905 4569 semper
933 4480 1074 4570 virginis
1103 4483 1218 4552 llarie.

866 4647 926 4710 (31.
943 4637 1109 4712 januan'r').

469 4767 548 4830 ltem
573 4771 709 4833 Michael
741 4775 861 4836 arcium
896 4776 1081 4839 liberalium
1114 4777 1340 4839 baccalaureus
1374 4775 1460 4839 filius
1493 4776 1629 4838 condam

365 4871 461 4934 Blasii
487 4874 610 4954 judicis,
635 4880 797 4958 quandam
823 4882 957 4944 domum
982 4904 1074 4944 suam
1103 4897 1273 4962 muratam,
1306 4883 1402 4945 simul
1427 4903 1501 4944 curn
1527 4882 1629 4944 fundo

365 4990 395 5038 et
419 4977 551 5042 edificiis
575 4983 607 5043 in
632 4985 757 5047 civitate
783 4988 927 5069 predicta
944 4989 1027 5052 inter
1049 4991 1165 5052 domos
1189 5005 1220 5054 et
1237 4989 1356 5054 fundos
1379 4991 1556 5052 liberorum
1574 5010 1629 5051 seu
