3832 5804
537 794 613 856 ltem
649 793 745 876 Elyas
781 792 902 854 Judeus
937 791 1021 854 filius
1053 792 1204 876 Symonis
1238 791 1399 852 habitator
1431 791 1514 852 dicte
1547 791 1692 869 civitatis,

430 903 593 985 quandam
618 901 744 962 vineam
770 901 867 961 simul
892 920 966 962 cum
992 900 1131 981 virgulto
1156 899 1260 961 eidem
1291 898 1383 959 vinee
1408 897 1584 978 subjacenti
1621 917 1692 980 pro-

430 1009 503 1072 vide
528 1009 672 1070 mulieris
698 1007 798 1068 Elene
823 1007 932 1068 relicte
957 1021 988 1068 et
1014 1005 1181 1068 Michaelis
1205 1005 1262 1067 filii
1294 1005 1431 1066 condam
1456 1005 1539 1066 Petri
1565 1003 1692 1066 balnea·

429 1117 519 1196 toris,
543 1116 576 1178 in
599 1115 760 1177 territorio
784 1113 922 1176 civitatis
943 1113 1084 1195 predicte
1110 1113 1191 1174 inter
1210 1113 1320 1174 vineas
1344 1113 1519 1174 liberorum
1544 1131 1602 1172 seu
1625 1131 1693 1172 suc·

430 1241 591 1286 cessotum
610 1221 748 1284 condam
766 1220 928 1282 Valentini
947 1218 1119 1304 lglichych,
1137 1240 1153 1280 a
1171 1219 1410 1301 septemtrione,
1428 1232 1458 1280 et
1478 1219 1560 1280 inter
1585 1218 1693 1278 vineas

431 1329 595 1392 Dominici
627 1327 766 1406 sartoris,
798 1347 815 1388 a
848 1327 1027 1388 meridione
1060 1324 1219 1403 habitam,
1253 1325 1358 1386 eidem
1385 1325 1556 1386 Dominico
1581 1324 1693 1386 sartori

430 1457 489 1520 pro
514 1435 624 1497 decem
659 1433 726 1496 flor.
761 1432 906 1494 vendidit
942 1447 1098 1514 perpetuo
1131 1431 1359 1513 possidendam
1392 1447 1422 1492 et
1453 1430 1625 1514 superinde
1650 1445 1695 1492 est

430 1544 490 1606 sibi
515 1543 606 1604 litera
630 1541 689 1601 sub
714 1539 867 1622 pendenti
899 1539 1007 1620 sigillo
1029 1539 1269 1600 communitatis
1292 1553 1448 1601 emanata.

537 1647 615 1709 ltem
640 1647 785 1728 Mathyas
817 1646 916 1707 cliens
947 1642 1031 1707 filius
1063 1645 1199 1707 condam
1234 1645 1399 1707 Benedicti
1433 1641 1580 1727 pellificis
1616 1645 1692 1705 olim

431 1753 572 1816 concivis
589 1752 687 1814 nostri
705 1750 761 1813 filii
788 1751 870 1812 Petri
895 1749 952 1812 filii
972 1749 1122 1832 Philippi,
1147 1751 1352 1812 medietatem
1373 1749 1538 1812 cuiusdam
1564 1749 1691 1829 domus,

432 1858 522 1921 fundi
557 1873 587 1920 et
611 1859 731 1920 cellarii
756 1858 954 1919 subterranei
979 1877 1014 1919 ac
1039 1855 1262 1919 hedificiorum
1291 1857 1322 1918 in
1348 1857 1432 1919 dicta
1455 1857 1583 1918 civitate
1610 1857 1690 1918 inter

431 1967 547 2029 domos
563 1979 594 2027 et
607 1964 725 2027 fundos
743 1984 777 2025 ac
795 1962 941 2026 hedificia
966 1964 1102 2024 Fabiani
1127 1965 1195 2026 coci
1220 1979 1251 2027 et
1276 1963 1424 2044 Gregorii
1443 1963 1529 2042 mali,
1553 1983 1570 2024 a
1596 1964 1689 2024 meri-

431 2074 540 2151 dione,
565 2087 595 2134 et
611 2073 787 2133 liberorum
805 2089 861 2132 seu
885 2089 1105 2132 successorum
1123 2069 1260 2132 condam
1293 2070 1376 2131 lwan
1407 2069 1555 2148 Owchar,
1579 2090 1595 2130 a
1621 2090 1691 2152 sep·

432 2180 604 2241 temtrione
622 2177 740 2255 habite,
754 2195 850 2238 unam
865 2177 1015 2238 videlicet
1028 2190 1173 2257 quartam
1184 2190 1214 2238 et
1230 2191 1376 2238 octavam
1394 2177 1480 2237 curie
1499 2177 1530 2236 in
1544 2195 1577 2237 se
1595 2177 1695 2237 conti-

432 2284 743 2364 nentem,Clementi
754 2281 883 2366 pellifici
894 2283 1017 2344 concivi
1028 2281 1215 2344 nostrofilio
1227 2283 1379 2364 Stephani
1398 2283 1437 2344 de
1455 2283 1576 2364 Posega
1601 2282 1695 2344 aliam

432 2393 636 2454 medietatem
661 2390 804 2452 eiusdem
823 2391 938 2452 domus
962 2405 993 2450 et
1017 2387 1108 2450 fundi
1136 2409 1171 2451 ac
1196 2389 1303 2451 celarii
1326 2390 1523 2450 subterranei
1548 2408 1691 2450 necnon

432 2497 656 2560 hedificiorum
679 2495 854 2579 possidenti
879 2515 937 2577 pro
961 2515 1015 2557 sex
1039 2515 1112 2556 cum
1138 2495 1246 2557 medio
1271 2495 1341 2558 flor.
1366 2497 1433 2557 auri
1460 2495 1607 2557 vendidit
1625 2515 1695 2577 per·

432 2619 531 2687 petuo
549 2603 778 2687 possidendam
804 2615 834 2664 et
857 2602 1029 2684 superinde
1054 2616 1100 2664 est
1123 2603 1183 2663 sibi
1217 2602 1308 2664 litera
1333 2603 1392 2663 sub
1410 2601 1565 2684 pendenti
1590 2602 1696 2684 sigillo

432 2710 673 2774 communitatis
697 2723 854 2772 emanata.
1607 2689 1613 2702 '

539 2817 616 2878 ltem
641 2815 804 2876 Fabianus
827 2827 916 2876 sutor
940 2813 1025 2876 lilius
1057 2815 1195 2876 condam
1223 2814 1383 2896 Gregorii,
1407 2829 1566 2897 protunc
1591 2829 1698 2876 noster

433 2923 584 3001 concivis,
609 2922 741 2984 totalem
766 2941 856 2984 suam
882 2923 1069 3004 porcionem
1087 2921 1253 2984 cuiusdam
1272 2922 1389 2983 domus
1411 2935 1442 2982 et
1465 2919 1557 2982 fundi
1583 2941 1619 2982 ac
1637 2922 1697 2983 cel-

432 3030 502 3092 larii
527 3029 736 3108 subterranei,
761 3048 819 3090 nec
844 3046 909 3088 non
934 3027 1158 3089 hedificiorum
1194 3028 1226 3088 in
1259 3028 1342 3089 dicta
1367 3027 1495 3089 civitate
1525 3027 1698 3088 intervias

432 3155 622 3198 communes
646 3137 685 3196 ab
710 3135 832 3196 oriente
858 3149 888 3195 et
912 3154 928 3195 a
955 3134 1133 3195 meridione
1157 3133 1310 3212 habitam,
1335 3153 1371 3194 ae
1395 3134 1477 3195 inter
1502 3133 1637 3195 domum
1662 3147 1693 3195 et

433 3243 570 3306 fundum
596 3243 734 3304 Emerici
760 3240 927 3324 freniparis
945 3240 1052 3302 habite
1070 3255 1100 3302 et
1124 3241 1297 3318 existentis,
1315 3259 1412 3301 unam
1435 3239 1586 3301 videlicet
1603 3261 1697 3321 quar·

432 3365 498 3412 tam
524 3349 610 3410 curie
635 3349 667 3410 in
691 3368 725 3410 se
750 3349 982 3426 continentem,
1005 3366 1079 3409 cum
1113 3347 1178 3408 suis
1209 3347 1398 3408 utilitatibus
1430 3359 1461 3406 et
1492 3347 1698 3428 pertinenciis

433 3457 589 3520 universis
614 3456 778 3538 Stephano
804 3455 902 3516 sutori
928 3453 995 3516 filio
1029 3453 1166 3516 condam
1185 3453 1337 3536 Stephani
1371 3453 1530 3536 Pychych,
1555 3470 1590 3515 ut
1614 3473 1699 3515 novo

435 3563 560 3626 concivi
586 3577 706 3640 nostro,
731 3581 788 3644 pro
807 3580 923 3622 novem
950 3560 1018 3623 flor.
1036 3560 1104 3621 auri
1129 3559 1275 3621 vendidit
1296 3575 1453 3642 perpetuo
1470 3560 1697 3642 possidendam

434 3691 472 3732 ex
497 3689 654 3730 consensu
679 3669 859 3728 vicinorum
885 3667 1101 3749 predictorum
1120 3680 1151 3727 et
1174 3667 1354 3748 superinde
1371 3681 1418 3728 est
1441 3667 1501 3728 sibi
1525 3667 1615 3727 litera
1640 3669 1698 3728 sub

433 3776 586 3860 pendenti
611 3775 718 3856 sigillo
743 3773 983 3836 communitatis
1008 3788 1166 3835 emanata.

541 3883 618 3944 ltem
635 3882 788 3944 medietas
805 3881 971 3942 cuiusdam
989 3880 1105 3941 domus
1121 3895 1244 3942 mutate
1263 3895 1293 3942 et
1310 3879 1401 3942 fundi
1421 3901 1456 3942 ac
1475 3879 1698 3942 hedificiorum

437 3991 469 4051 in
488 3989 570 4050 dicta
595 3989 722 4050 civitate
739 3989 821 4049 inter
843 3987 976 4047 domum
1001 4001 1031 4047 et
1055 3986 1192 4048 fundum
1218 3987 1349 4068 Georgii
1374 3987 1524 4069 agricole,
1556 4007 1572 4048 a
1599 3989 1693 4049 meri·

435 4096 542 4174 dione,
567 4109 598 4157 et
622 4096 703 4156 inter
728 4095 862 4156 domum
887 4108 1044 4155 muratam
1063 4095 1190 4155 Martini
1209 4095 1333 4176 judicis,
1351 4096 1391 4155 ab
1408 4095 1545 4172 oriente,
1563 4114 1599 4155 ac
1618 4095 1699 4157 inter

435 4202 501 4262 vias
525 4220 713 4263 communes
737 4203 776 4262 ab
801 4200 966 4262 occidente
992 4215 1023 4261 et
1052 4201 1316 4282 aseptemtrione
1334 4200 1454 4279 habita,
1482 4219 1579 4261 unam
1605 4221 1700 4282 quar·

437 4323 501 4370 tam
527 4309 613 4370 curie
638 4309 669 4369 in
695 4329 727 4369 se
752 4309 930 4386 continens,
956 4327 1027 4369 cum
1050 4307 1115 4368 suis
1139 4307 1330 4369 utilitatibus
1355 4321 1386 4371 et
1403 4307 1611 4390 pertinenciis
1630 4309 1700 4368 uni-

436 4415 535 4476 versis
560 4415 660 4476 Paulo
684 4414 752 4476 filio
777 4415 913 4476 condam
945 4413 1039 4475 Blasii
1067 4413 1142 4475 dicti
1162 4414 1349 4496 Eanschyak
1375 4430 1421 4476 est
1447 4415 1621 4506 literatorie
1639 4429 1699 4476 sta·

436 4535 504 4583 tuta
529 4537 684 4602 perpetuo
710 4521 904 4602 possidenda
930 4537 960 4582 et
984 4520 1155 4602 superinde
1188 4535 1234 4582 est
1258 4521 1318 4582 sibi
1345 4521 1435 4583 litera
1460 4522 1519 4581 sub
1546 4521 1699 4603 pendenti

437 4627 544 4708 sigillo
569 4628 810 4690 communitatis
835 4641 992 4690 emanata.

545 4735 620 4795 ltem
647 4735 798 4795 Nicolaus
822 4749 920 4813 sutor,
945 4734 1075 4815 juratus,
1101 4734 1184 4795 filius
1203 4733 1369 4816 Stephani,
1393 4735 1555 4816 quandam
1581 4748 1697 4796 terram

438 4861 527 4902 suam
553 4841 704 4902 arabilem
731 4842 762 4901 in
800 4860 913 4921 campo
943 4840 1079 4901 civitatis
1111 4841 1251 4923 predicte
1285 4841 1366 4902 inter
1399 4855 1497 4901 terras
1522 4839 1700 4901 Clementis

439 4945 603 5022 carnificis,
628 4969 644 5006 a
670 4948 908 5027 septemtrione,
933 4961 964 5006 et
988 4947 1120 5008 ecclesie
1146 4961 1252 5009 nostre
1271 4946 1462 5028 parochialis
1487 4946 1569 5007 beati
1597 4946 1699 5006 Marci

440 5051 644 5132 ewangeliste
670 5068 700 5112 et
725 5053 805 5113 inter
829 5053 908 5115 duas
933 5053 1000 5113 vias
1035 5073 1224 5114 communes
1249 5053 1402 5132 habitam,
1427 5053 1586 5138 Dyonisio
1612 5052 1698 5113 insti-
