3840 5810
812 541 897 598 Anno
920 553 1012 618 1444.
1500 558 1538 618 41

284 651 424 656 ---——.
448 649 567 656 q*-

389 755 464 816 ltem
490 753 642 816 Nicolaus
667 752 751 815 filius
777 753 910 814 Fabiani
935 753 1058 835 pridem
1089 752 1182 833 judex
1208 767 1238 814 et
1263 752 1403 814 concivis
1427 764 1545 830 noster,

285 861 459 943 quemdam
484 861 635 942 (h)ortum
661 879 754 921 suum
772 859 869 921 simul
893 879 967 921 cum
991 859 1119 921 stabulo
1137 879 1172 921 ac
1200 859 1341 941 quadam
1366 858 1464 920 domo
1489 879 1544 920 sua

284 967 478 1050 jobagionali
502 987 537 1028 ac
561 967 632 1028 aliis
655 967 777 1028 cunctis
801 964 958 1028 hedificiis
982 966 1014 1027 in
1047 966 1163 1028 eodem
1188 965 1306 1048 (h)orto
1330 986 1389 1028 suo
1414 966 1543 1045 habitis,

284 1075 315 1136 in
348 1075 507 1136 territorio
540 1088 648 1135 nostro
680 1093 736 1135 seu
769 1073 907 1134 civitatis
946 1073 1087 1155 predicte
1121 1074 1202 1135 inter
1231 1072 1384 1155 (h)ortum
1417 1071 1545 1134 Andree

284 1183 484 1263 agricultoris
507 1196 538 1243 et
560 1183 642 1244 inter
665 1202 702 1243 ac
727 1201 825 1264 penes
853 1181 1013 1263 quendam
1047 1181 1185 1246 rivulum
1211 1199 1294 1262 aque
1318 1181 1467 1263 pluvialis
1492 1179 1545 1240 ha-

284 1394 373 1479 wych
398 1413 457 1476 pro
481 1394 596 1476 viginti
620 1414 674 1455 sex
697 1393 767 1457 flor.
796 1394 864 1456 auri
897 1393 1043 1455 vendidit
1074 1405 1230 1476 perpetuo
1262 1392 1492 1476 possidendum
1516 1405 1546 1452 et

284 1501 454 1584 superinde
479 1513 525 1562 est
548 1500 639 1563 litera
664 1502 723 1562 sub
747 1500 900 1583 pendenti
925 1500 1032 1582 sigillo
1056 1500 1297 1562 communitatis
1322 1513 1478 1562 emanata.

387 1607 464 1668 ltem
490 1605 653 1669 lohannes
679 1607 775 1690 judex
800 1606 962 1689 quandam
986 1608 1162 1669 stacionem
1187 1626 1278 1668 suam
1302 1607 1442 1687 ligneam
1468 1605 1546 1666 duas

287 1711 439 1775 fenestras
463 1714 493 1774 in
519 1734 552 1774 se
577 1713 759 1791 habentem,
783 1713 879 1774 simul
896 1733 969 1774 cum
995 1713 1096 1776 fundo
1114 1727 1144 1775 et
1171 1712 1338 1791 hedificiis,
1364 1714 1395 1774 in
1420 1712 1545 1774 civitate

287 1818 427 1900 predicta
460 1819 541 1881 inter
576 1819 751 1881 stacionem
784 1839 874 1880 suam
907 1833 1065 1881 muratam
1095 1833 1125 1881 et
1150 1818 1286 1880 fundum
1319 1837 1412 1880 suum
1446 1817 1544 1880 alium

285 1925 445 1987 mediante
469 1926 581 1986 semita
606 1926 732 2006 utrique
757 1926 837 2008 parti
863 1925 1065 2004 deservienti,
1092 1945 1128 1988 ac
1154 1926 1235 1986 inter
1258 1925 1432 1988 stacionem
1457 1923 1544 1984 simi·

285 2029 353 2092 liter
376 2045 534 2093 muratam
560 2045 590 2093 et
616 2030 752 2093 fundum
778 2031 909 2093 domine
936 2032 1098 2094 Dorothee
1115 2031 1180 2094 filie
1205 2032 1341 2094 condam
1368 2031 1475 2094 Choni
1499 2029 1546 2111 ju·

285 2137 363 2198 dicis
387 2137 540 2217 habitam,
565 2159 582 2200 a
606 2139 710 2220 platea
735 2140 900 2200 communi
925 2152 955 2200 et
980 2159 1080 2220 usque
1109 2137 1245 2200 fundum
1270 2138 1445 2200 liberorum
1471 2155 1545 2198 con-

286 2245 358 2304 dam
385 2243 583 2326 Sigismundi
615 2244 708 2327 jurati
740 2244 882 2307 habitam
915 2260 945 2307 et
976 2258 1160 2328 protensam
1193 2265 1228 2306 ac
1253 2266 1284 2306 se
1312 2243 1547 2322 extendentem,

287 2350 424 2411 mediam
450 2351 483 2412 in
507 2364 575 2413 toto
599 2352 721 2413 curiam
746 2351 786 2412 ad
810 2371 904 2414 usum
930 2352 1014 2414 dicte
1038 2352 1174 2415 civitatis
1202 2353 1233 2414 in
1259 2373 1291 2414 se
1316 2351 1546 2430 continentem,

287 2456 393 2518 Blasio
418 2457 554 2519 institori
580 2456 647 2520 filio
674 2457 802 2520 Thome
828 2458 1052 2539 Wgrinowich
1085 2479 1144 2542 pro
1168 2459 1281 2541 viginti
1306 2478 1359 2518 sex
1384 2455 1452 2520 flor.
1478 2457 1545 2518 auri

285 2563 430 2625 vendidit
452 2577 609 2646 perpetuo
633 2563 871 2647 possidendam.

391 2670 468 2732 ltem
501 2671 712 2733 commissarii
744 2685 775 2732 et
807 2684 992 2733 executores
1024 2691 1129 2734 rerum
1162 2685 1192 2734 et
1223 2673 1382 2735 bonorum
1408 2671 1545 2733 condam

289 2775 419 2858 Georgii
444 2776 559 2858 judicis
582 2777 660 2838 olim
686 2778 827 2840 concivis
852 2778 950 2839 nostri
976 2777 1032 2839 filii
1062 2779 1235 2859 Valentini,
1261 2779 1425 2860 quoddam
1449 2776 1546 2839 fenile

287 2882 385 2964 ipsius
409 2882 546 2944 condam
572 2883 705 2966 Georgii
729 2871 844 2966 judicis
868 2885 899 2946 in
926 2905 1041 2967 campo
1067 2885 1210 2948 eiusdem
1236 2885 1372 2948 civitatis
1396 2885 1478 2947 inter
1502 2884 1546 2946 ie-

286 2989 362 3050 nilia
387 3003 493 3051 nostra
517 2990 712 3069 communia,
739 2993 778 3053 ab
795 2991 985 3070 orientali,a
1004 2993 1209 3054 meridionali
1235 3007 1266 3054 et
1289 2994 1329 3054 ab
1353 2991 1545 3054 occidentali

285 3097 438 3177 partibus,
463 3115 499 3157 ac
523 3117 540 3156 a
565 3098 817 3178 septemtrionali
850 3111 939 3180 parte
972 3099 1053 3160 inter
1084 3097 1194 3161 senilia
1227 3113 1333 3160 nostra
1358 3099 1545 3160 communia

287 3203 401 3283 partim
426 3217 457 3263 et
481 3201 596 3284 partim
622 3223 713 3266 secus
736 3205 820 3266 viam
854 3225 1060 3267 communem
1093 3206 1238 3268 habitum
1270 3219 1301 3267 et
1328 3207 1475 3284 existens,
1506 3204 1546 3266 ad

285 3322 346 3370 tres
369 3309 471 3370 dietas
494 3322 575 3370 terre
600 3310 651 3371 vel
676 3311 752 3372 citra
784 3331 817 3374 se
849 3311 1034 3392 extendens,
1058 3331 1131 3374 cum
1162 3313 1227 3374 suis
1251 3313 1456 3394 pertinenciis
1492 3313 1545 3373 Jo-

286 3415 382 3476 hanni
407 3415 474 3477 filio
499 3416 580 3478 Pero
606 3417 730 3499 pridem
754 3418 851 3501 judici
877 3419 1068 3500 concivique
1096 3433 1206 3480 nostro
1231 3439 1289 3500 pro
1314 3433 1451 3500 quatuor
1476 3418 1545 3481 flor.

286 3522 352 3582 auri
377 3521 592 3583 vendiderunt
615 3537 770 3605 perpetuo
794 3525 1024 3605 possidendum
1050 3539 1081 3587 et
1103 3525 1276 3607 superinde
1301 3541 1348 3588 est
1372 3525 1463 3587 litera
1486 3526 1545 3586 sub

286 3627 437 3709 pendenti
464 3628 572 3708 sigillo
597 3633 837 3693 communitatis
861 3647 1018 3694 emanata.

390 3734 468 3796 Item
495 3735 669 3820 Dyonisius
695 3738 821 3800 institor
844 3737 928 3802 filius
951 3739 1083 3819 Georgii
1109 3739 1272 3822 quandam
1297 3739 1432 3802 domum
1456 3758 1545 3800 suam

286 3839 425 3921 ligneam
450 3841 545 3902 simul
579 3861 652 3904 cum
685 3841 786 3905 fundo
817 3859 847 3906 et
879 3845 996 3906 celario
1026 3846 1233 3908 subterraneo
1265 3866 1301 3908 ac
1326 3844 1483 3908 hedificiis
1515 3845 1545 3906 in

287 3945 412 4008 civitate
436 3947 577 4029 predicta
602 3949 685 4010 inter
701 3950 816 4011 domos
841 3963 871 4012 et
888 3950 1005 4013 fundos
1023 3951 1106 4013 lwan
1124 3952 1262 4032 agricole
1281 3952 1356 4013 dicti
1375 3950 1545 4034 Chapsych

287 4065 316 4114 et
340 4052 542 4134 Margarethe
567 4055 675 4117 relicte
700 4057 838 4118 condam
857 4057 995 4138 Mathye,
1020 4059 1059 4119 ab
1084 4078 1147 4119 una
1164 4071 1263 4141 parte,
1291 4058 1329 4120 ab
1354 4057 1453 4119 altera
1471 4076 1546 4118 vero

289 4157 442 4220 Anthonii
466 4159 616 4222 similiter
641 4162 782 4243 agricole
808 4177 988 4225 nostrorum
1022 4165 1202 4226 concivium
1228 4165 1381 4244 habitam,
1406 4164 1545 4226 mediam

287 4265 404 4326 curiam
422 4265 453 4326 in
471 4285 504 4328 se
522 4268 752 4346 continentem,
769 4289 841 4330 cum
859 4271 923 4332 suis
940 4271 1145 4351 pertinenciis
1170 4271 1298 4332 Andree
1316 4271 1402 4333 dicto
1420 4270 1544 4355 Czyga·

288 4370 413 4453 nychyn
450 4370 519 4433 filio
545 4373 629 4434 Petri
654 4393 713 4456 pro
738 4375 850 4456 viginti
883 4377 1011 4438 duobus
1035 4377 1104 4439 flor.
1129 4379 1197 4438 auri
1222 4377 1367 4438 vendidit
1391 4391 1546 4458 perpetuo

288 4477 512 4558 possidendam
537 4493 568 4540 et
591 4479 763 4562 superinde
788 4495 834 4543 est
857 4482 948 4544 litera
972 4485 1031 4544 sub
1056 4483 1208 4566 pendenti
1233 4483 1340 4564 sigillo
1365 4484 1530 4545 communi

287 4584 357 4646 tatis
386 4597 543 4648 emanata.

392 4691 469 4753 ltem
502 4693 702 4774 Margaretha
735 4696 843 4758 relicta
879 4695 1016 4758 condam
1049 4695 1211 4759 Valentini
1243 4697 1431 4760 habitatoris
1463 4699 1547 4762 dicte

289 4796 421 4858 civitatis
445 4798 477 4859 in
501 4818 558 4861 sua
586 4812 617 4862 et
634 4800 788 4862 Johannis
804 4801 861 4864 filii
884 4803 932 4864 sui
950 4805 1105 4886 personis,
1129 4804 1290 4887 quandam
1309 4805 1437 4866 vineam
1455 4826 1545 4868 suam

290 4901 321 4963 in
344 4904 503 4966 territorio
528 4905 664 4968 civitatis
695 4907 836 4988 predicte
870 4910 950 4971 inter
981 4911 1108 4972 vineam
1134 4911 1262 4972 Martini
1296 4913 1484 4994 carpentarii
1517 4926 1548 4976 et

293 5008 372 5071 inter
395 5011 569 5094 virgultum
588 5013 763 5076 liberorum
782 5017 918 5078 condam
938 5017 1034 5080 Blasii
1053 5017 1211 5082 Czaranth
1234 5017 1386 5098 habitam,
1412 5017 1547 5110 desuper
