3816 5802
587 1454 699 1542 dnno
727 1451 883 1542 Domini
912 1449 1149 1551 nocuum.)

810 1651 914 1660 ——-—

231 1777 319 1853 Item
347 1775 382 1852 in
410 1800 503 1852 anno
533 1775 677 1852 Domini
707 1775 894 1851 millesimo
933 1774 1287 1876 quadringentesimo
1325 1773 1493 1873 quinqua-

230 1901 374 2001 gesimo
403 1901 538 2001 primo,
566 1899 659 1976 feria
697 1907 825 1999 quarta
862 1900 1027 2000 proxima
1059 1907 1144 1998 post
1172 1897 1305 1974 festum
1335 1895 1492 1974 Conver-

232 2025 344 2100 sionis
373 2023 471 2100 beati
509 2023 611 2100 Pauli
649 2023 818 2124 apostoli,
857 2045 1009 2123 presens
1045 2022 1233 2098 laternum
1267 2029 1325 2098 est
1361 2019 1495 2096 factum

232 2171 341 2248 super
377 2147 641 2248 registracione
685 2153 723 2223 et
765 2147 1047 2246 consignacione
1090 2153 1267 2222 certarum
1314 2145 1495 2220 literarum

231 2272 503 2372 privilegialium
524 2272 650 2348 civium
671 2280 708 2348 et
727 2270 1005 2347 inhabitatorum
1026 2270 1182 2346 civitatis
1203 2267 1365 2369 predicte
1386 2290 1496 2368 super

232 2395 527 2498 possessionibus
558 2395 764 2473 eorumdem
807 2395 932 2472 civium
963 2401 1001 2471 et
1028 2393 1305 2470 inhabitatorum
1335 2391 1494 2468 eiusdem

233 2521 387 2597 civitatis
415 2519 509 2596 infra
528 2519 824 2596 nominandorum
843 2520 878 2594 in
898 2519 995 2594 dicta
1024 2519 1171 2594 civitate
1191 2517 1321 2593 habitis
1350 2522 1389 2592 et
1417 2515 1493 2592 eius

232 2645 416 2721 territorio
456 2645 706 2735 existentibus
747 2643 1019 2744 privilegialiter
1060 2643 1125 2718 sub
1162 2641 1332 2742 pendenti
1374 2639 1495 2739 sigillo

233 2769 497 2845 communitatis
539 2767 784 2844 confectarum
822 2775 860 2843 et
894 2775 1138 2843 emanatarum
1168 2765 1276 2841 modo
1305 2772 1344 2841 et
1372 2763 1496 2839 ordine

231 2891 481 2992 infrascriptis,
501 2903 667 2992 tempore
682 2890 862 2990 judicatus
891 2891 955 2966 viri
979 2891 1117 2992 providi
1138 2897 1177 2966 et
1203 2889 1346 2965 honesti
1370 2887 1495 2990 Jacobi

297 3015 486 3118 Eberspek
510 3017 638 3116 judicis
673 3016 832 3092 moderni
862 3016 1023 3092 eiusdem
1053 3013 1208 3091 civitatis
1229 3012 1287 3088 lilii
1316 3011 1437 3088 Vlrici.

750 3267 811 3344 (27.
827 3267 992 3344 januario·

338 3405 417 3468 ltem
443 3407 635 3470 Benedictus
663 3407 747 3470 filius
780 3408 947 3472 Michaelis
980 3409 1160 3472 Sebastiani
1193 3407 1356 3490 quandam
1380 3406 1495 3468 silvam

234 3531 325 3575 suam
349 3513 382 3574 in
406 3515 566 3576 territorio
598 3515 735 3576 civitatis
767 3515 928 3596 habitam,
960 3536 1024 3598 que
1056 3515 1194 3578 condam
1220 3514 1352 3596 Georgii
1377 3512 1496 3574 Donati

234 3617 405 3701 prefuerat,
429 3639 502 3682 cum
525 3621 590 3682 suia
625 3621 815 3684 utilitatibus
839 3637 870 3684 et
902 3623 1107 3704 pertinenciis
1142 3621 1299 3684 universis
1321 3619 1495 3682 Valentino

234 3723 338 3805 jurato
361 3723 428 3787 filio
453 3727 620 3789 Michaelis
652 3727 817 3812 Saronych
848 3729 972 3791 sororio
1004 3748 1062 3791 suo
1091 3750 1127 3790 ac
1158 3748 1214 3811 per
1245 3747 1319 3790 eum
1344 3726 1493 3789 Michaeli

234 3830 301 3894 filio
325 3852 384 3894 suo
409 3853 446 3894 ex
471 3834 541 3916 ipso
565 3849 596 3897 et
621 3835 754 3917 provida
773 3836 910 3898 condam
935 3837 1069 3898 muliere
1087 3835 1188 3898 Elena
1205 3849 1317 3897 vocata
1341 3833 1405 3896 filia
1425 3854 1494 3917 pre·

235 3937 289 4001 lati
313 3939 480 4002 Michaelis
504 3941 682 4004 Sebastiani
707 3956 855 4004 consorte
881 3942 1037 4024 legittima
1063 3942 1161 4024 ipsius
1185 3942 1350 4004 Valentini
1368 3941 1493 4022 judicis,

233 4066 342 4108 sorore
367 4067 443 4109 vero
466 4049 590 4110 uterina
615 4063 645 4110 et
676 4049 795 4111 carnali
828 4049 972 4111 eiusdem
997 4049 1162 4112 Benedicti
1197 4049 1303 4130 jurati,
1338 4048 1495 4130 legittime

235 4153 418 4233 progenit0‚
433 4167 463 4215 et
474 4173 530 4236 per
547 4173 603 4216 eos
619 4155 763 4236 ipsorum
780 4155 953 4217 heredibus
969 4175 1027 4237 pro
1045 4155 1158 4237 viginti
1174 4156 1317 4236 quinque
1332 4153 1400 4217 flor.
1428 4155 1496 4215 auri

235 4258 381 4321 vendidit
403 4273 560 4343 perpetuo
585 4261 812 4344 possidendam
850 4275 881 4323 et
905 4262 1076 4345 superinde
1108 4263 1152 4324 eis
1177 4275 1223 4323 est
1253 4261 1344 4323 litera
1368 4261 1495 4343 privile·

233 4365 327 4447 gialis
350 4367 409 4428 sub
433 4367 585 4448 pendenti
610 4367 717 4448 sigillo
747 4368 986 4430 communitatis
1011 4383 1167 4431 emanata.

340 4471 418 4534 ltem
442 4473 555 4535 Petrus
579 4474 781 4557 Zudrowych
799 4489 917 4537 rectam
944 4489 974 4537 et
991 4475 1140 4557 equalem
1165 4475 1370 4536 medietatem
1392 4475 1496 4536 cuius·

235 4578 309 4639 darn
334 4575 425 4640 fundi
450 4580 499 4641 sui
524 4580 660 4643 indicta
684 4581 811 4643 civitate
829 4582 861 4643 in
884 4595 1033 4664 postergo
1050 4581 1201 4643 videlicet
1225 4581 1341 4642 domus
1358 4595 1388 4642 et
1405 4579 1496 4641 lundi

235 4705 270 4747 ac
294 4683 517 4748 hedificiorum
542 4687 668 4749 Nicolai
702 4688 819 4749 sutoris
848 4686 905 4749 filii
939 4687 1104 4769 Stephani,
1136 4708 1153 4748 a
1180 4701 1268 4768 parte
1293 4687 1496 4748 meridionali

236 4792 431 4871 habitorum,
455 4813 491 4855 ac
515 4793 597 4856 inter
620 4793 756 4856 fundum
782 4813 920 4856 vacuum
937 4793 1099 4856 Valentini
1125 4793 1229 4874 iurati,
1254 4795 1294 4855 ab
1319 4793 1495 4871 occidente,

237 4911 266 4959 et
289 4896 532 4961 interstandum
555 4899 669 4981 prefati
695 4900 821 4963 Nicolai
851 4900 944 4982 jurati
970 4913 1001 4962 et
1033 4901 1193 4962 sociorum
1218 4919 1361 4979 suorum,
1385 4921 1402 4962 a
1427 4920 1496 4982 sep·

236 5004 417 5085 temtrione,
440 5025 498 5068 nec
523 5025 588 5068 non
613 5007 694 5070 inter
718 5007 858 5090 plateam
883 5025 1088 5070 communem
1115 5027 1132 5069 a
1156 5021 1244 5090 parte
1268 5007 1416 5071 orientali
1441 5007 1495 5070 ha-
