3854 5798
794 559 879 614 Anno
902 553 998 634 1468.
1476 558 1537 639 269

269 767 456 847 heredibus,
480 767 587 830 eidem
612 767 748 831 Nicolao
774 767 861 830 datia
880 782 912 830 et
936 768 1117 848 persolutis,
1147 769 1189 830 ita
1213 783 1333 848 tamen,
1357 771 1445 850 quod
1471 770 1537 852 ipse

271 874 450 936 decadem
474 875 569 936 vinea
601 888 664 936 tres
694 875 831 936 cubulos
863 875 930 936 vini
963 875 1002 935 ad
1035 875 1244 937 colendinum
1269 875 1538 938 confraternitatis

272 980 460 1043 Latinorum
487 980 624 1062 singulis
648 981 740 1042 annis
763 980 889 1043 solvere
912 991 1069 1043 teneatur.

377 1086 476 1162 Quod
501 1087 578 1169 quia
603 1087 785 1170 Stephanus
809 1087 1033 1170 Wogrinoych
1055 1088 1158 1150 dictus
1183 1101 1214 1150 et
1237 1087 1429 1150 Valentinus
1454 1089 1537 1150 Pon·

271 1214 365 1276 gracz
389 1195 493 1256 dictus
517 1195 660 1256 seniores
684 1193 778 1276 jurati
812 1207 843 1258 et
876 1195 1025 1256 concives
1049 1195 1147 1256 nostrl
1180 1209 1367 1257 executores
1399 1195 1538 1257 condam

271 1302 452 1364 testamenti
478 1301 630 1386 Symonis
655 1301 761 1386 Sypelr
796 1301 884 1379 dicti,
916 1301 1139 1363 inhabitatoris
1173 1301 1256 1363 dicte
1280 1302 1426 1380 civitatis,
1451 1300 1537 1365 sulfi-

273 1408 369 1470 cienti
393 1407 581 1470 testimonio
599 1408 780 1469 docuerunt
796 1421 827 1469 et
844 1409 1096 1489 comprobarunt
1113 1407 1144 1468 in
1163 1405 1283 1488 judicio
1308 1427 1415 1470 coram
1434 1409 1538 1488 nobis,

272 1528 307 1577 ut
329 1515 396 1598 ipse
420 1515 552 1577 eosdem
577 1514 814 1577 commissarios
830 1534 906 1576 suos
930 1512 1064 1594 fecisset,
1085 1514 1315 1596 universasque
1337 1535 1387 1577 res
1404 1528 1434 1576 et
1452 1517 1536 1576 bona

274 1634 304 1683 et
328 1622 547 1704 possessiones
570 1641 644 1683 suas
668 1621 700 1682 in
726 1621 810 1683 dicta
840 1621 967 1683 civitate
1000 1621 1133 1700 habitas,
1158 1621 1280 1682 eisdem
1304 1621 1401 1684 vendi
1425 1636 1457 1684 et
1479 1641 1537 1705 pro

273 1728 380 1790 anima
404 1747 460 1790 sua
493 1728 610 1810 exponi
643 1728 866 1807 commisisset,
899 1741 995 1810 prout
1026 1727 1058 1789 in
1087 1729 1220 1790 katerno
1252 1741 1363 1790 nostro
1395 1727 1537 1810 judiciali

272 1847 418 1916 ternpore
443 1833 602 1916 judicatus
626 1833 756 1896 Thome
788 1832 846 1895 filii
878 1834 1007 1896 Andree
1039 1835 1174 1896 senioris
1205 1833 1320 1916 judicis
1343 1848 1374 1896 et
1397 1834 1538 1896 concivis

274 1941 372 2003 nostri
398 1940 437 2002 de
461 1961 547 2002 anno
580 1939 843 2019 MCCCCLVH,
877 1954 973 2022 prout
1004 1941 1064 2003 hoc
1089 1941 1123 2002 in
1155 1943 1287 2003 katerno
1312 1954 1422 2004 nostro
1448 1961 1535 2004 com·

273 2047 363 2108 muni
389 2045 534 2127 judiciali
556 2060 703 2130 tempore
728 2048 883 2129 presentis
906 2046 1065 2128 judicatus
1082 2047 1198 2129 judicis
1222 2048 1322 2109 nostri
1346 2046 1460 2130 prelati
1485 2067 1537 2111 ex·

273 2171 381 2235 presse
406 2153 599 2232 continetur,
625 2153 699 2216 ideo
723 2153 783 2236 ipsi
817 2153 981 2236 quandam
1012 2153 1127 2216 silvam
1159 2154 1304 2216 eiusdem
1329 2154 1480 2240 Symonis
1504 2154 1537 2216 in

271 2259 433 2322 territorio
451 2259 534 2322 dicte
559 2260 698 2321 civitatis
712 2279 747 2322 ac
772 2260 854 2322 inter
865 2261 977 2322 silvam
993 2259 1126 2343 provide
1144 2261 1289 2322 mulieris
1305 2260 1387 2322 dicte
1413 2262 1537 2342 Marga-

272 2365 361 2428 retha
385 2367 494 2430 relicte
519 2366 660 2428 condam
685 2367 781 2428 Blasii
815 2365 929 2447 judicis
960 2365 1016 2428 filii
1042 2367 1144 2446 Pauli,
1169 2369 1209 2429 ab
1241 2367 1482 2450 septemtrione,
1507 2380 1539 2428 et

271 2473 353 2535 inter
376 2474 489 2535 silvam
505 2473 600 2535 Blasii
618 2473 780 2554 arcuparis
797 2472 854 2534 filii
872 2473 1028 2536 Johannis
1045 2473 1085 2534 de
1099 2472 1237 2553 Synche,
1262 2473 1404 2535 concivis
1421 2473 1535 2551 nostri,

272 2599 289 2641 a
314 2595 402 2661 parte
427 2579 632 2641 meridionali
650 2579 790 2641 habitam
810 2593 840 2642 et
857 2579 1057 2658 existentem,
1082 2580 1197 2642 virtute
1214 2599 1328 2642 eorum
1353 2579 1536 2642 executoria

272 2685 378 2747 eidem
404 2686 513 2747 Marco
537 2686 684 2769 arcupari
707 2705 766 2767 pro
785 2686 913 2747 duobus
936 2685 1007 2749 flor.
1032 2685 1100 2748 auri
1125 2685 1345 2747 vendidissent
1368 2699 1399 2747 et
1424 2699 1537 2747 contu·

273 2792 383 2854 lissent
407 2807 465 2855 etc.

378 2898 476 2973 Quod
501 2899 577 2981 quia
610 2918 670 2960 nos
703 2899 918 2962 communitas
949 2899 1157 2962 vendidimus
1189 2898 1394 2962 medietatem
1420 2897 1537 2960 domus

272 2991 415 3067 eiusdem
442 3005 562 3067 Mathie
587 3006 704 3067 sutoris
728 3005 890 3068 homicide
915 3005 1059 3068 eiusdem
1078 3006 1231 3089 Symonis
1254 3005 1371 3068 sutoris
1395 3005 1428 3066 iu
1452 3003 1536 3066 dicta

271 3112 410 3190 civitate,
435 3111 517 3174 inter
541 3111 657 3174 domos
681 3110 813 3193 Georgii
838 3113 955 3174 sutoris
980 3113 1099 3174 Belraui
1136 3112 1211 3174 dicti
1237 3125 1267 3174 et
1291 3111 1372 3172 inter
1397 3109 1535 3172 tundam

270 3236 408 3278 vacuum
432 3230 539 3278 nostre
563 3217 814 3296 communitatis,
838 3231 969 3300 propter
992 3238 1049 3279 sua
1066 3218 1222 3280 demerita
1240 3216 1448 3279 vendidimus
1466 3217 1536 3280 Ste-

270 3324 379 3405 phano
403 3324 533 3406 preconi
558 3338 665 3385 nostre
698 3324 938 3386 communitatis
970 3323 1037 3385 filio
1071 3323 1199 3386 Thorne
1233 3323 1272 3384 de
1301 3323 1448 3405 Bosyalro
1475 3342 1537 3404 pro

271 3449 336 3490 uno
353 3429 444 3506 llor.;
462 3429 538 3491 item
556 3429 652 3491 aliam
678 3430 883 3492 medietatem
901 3430 1046 3490 vendidit
1064 3429 1215 3492 dominus
1232 3429 1358 3491 Blasius
1382 3430 1537 3512 presbiter

273 3535 358 3598 filius
382 3537 510 3598 Andree
535 3536 746 3619 Chyganych,
770 3537 849 3597 olim
875 3536 1016 3597 concivis
1041 3537 1152 3616 nostri,
1178 3537 1209 3597 in
1236 3555 1372 3617 persona
1397 3534 1536 3597 honora·

275 3643 347 3704 bilis
371 3643 495 3704 domini
522 3643 634 3704 Jacobi
652 3643 691 3703 de
716 3642 836 3724 Tywer
853 3641 1055 3703 decretorum
1073 3642 1225 3721 doctoris,
1242 3642 1275 3702 in
1292 3661 1429 3724 persona
1453 3641 1535 3702 eius·

274 3751 347 3812 dem
384 3750 490 3812 eidem
515 3750 765 3832 inpignoratam,
797 3748 943 3810 vendidit
975 3749 1082 3810 eidem
1109 3748 1273 3830 Stephano
1297 3766 1355 3830 pro
1380 3748 1482 3809 tribus
1505 3760 1536 3808 et

274 3859 380 3926 media
404 3859 510 3941 pensis
534 3857 742 3919 denariorum
766 3855 1006 3939 possidendam.
