3816 5802
773 605 859 664 Anno
882 619 974 684 1449.
1451 627 1508 690 ¹¹3

245 816 344 898 ipsius
369 817 494 879 Nicolai
521 815 685 896 aurifabri,
709 817 861 880 videlicet
884 830 1054 898 utramque
1080 818 1214 880 domurn
1232 832 1390 880 muratam
1415 819 1511 881 simul

245 943 318 985 cum
352 923 461 985 fundis
492 939 523 985 et
554 923 678 986 celariis
709 926 916 986 subterraneo
948 923 1099 986 videlicet
1132 939 1162 986 et
1194 938 1338 1003 murato,
1373 945 1409 986 ac
1440 925 1512 986 aliis

245 1031 367 1092 cunctis
390 1030 455 1092 suis
472 1031 665 1092 utilitatibus
681 1044 713 1092 et
728 1031 934 1113 pertinenciis
951 1031 1108 1093 universis
1126 1031 1156 1092 in
1182 1031 1265 1092 dicta
1281 1031 1410 1093 civitate
1428 1031 1511 1094 inter

244 1137 359 1198 domos
385 1136 481 1198 Blasii
505 1136 620 1217 judicis
644 1135 701 1199 filii
726 1137 828 1214 Pauli,
853 1157 870 1198 a
894 1137 1134 1220 septemtrione,
1153 1151 1184 1198 et
1207 1137 1386 1199 liberorum
1414 1137 1511 1200 Blasii

244 1244 384 1321 sartoris,
409 1263 445 1306 ac
470 1243 650 1306 Sebastiani
675 1243 827 1306 Soldinar
853 1257 883 1306 et
915 1244 1047 1306 domine
1073 1243 1273 1324 Margarethe
1298 1245 1405 1305 relicte
1436 1263 1510 1306 con·

245 1351 318 1413 dam
344 1351 459 1412 Briccii
482 1351 650 1432 judicis‚a
685 1351 865 1412 meridione
898 1350 1051 1429 habitam,
1083 1364 1204 1432 septem
1238 1365 1366 1431 quartas
1390 1364 1420 1411 et
1444 1369 1509 1412 me-

244 1456 330 1518 diam
356 1471 501 1519 octavam
526 1458 559 1519 in
584 1477 617 1518 se
642 1457 863 1532 continentes;
889 1457 965 1518 item
984 1457 1147 1537 quandam
1165 1471 1280 1518 terram
1306 1457 1460 1530 arabilem
1478 1457 1509 1518 in

245 1583 360 1645 campo
384 1563 522 1626 civitatis
546 1564 628 1626 inter
652 1564 720 1624 vias
744 1582 933 1626 communes
958 1577 988 1623 et
1017 1563 1098 1624 inter
1130 1562 1263 1626 fluvium
1289 1563 1392 1646 llycza
1417 1582 1509 1624 voca·

244 1683 312 1730 turn
338 1669 481 1731 habitam
505 1684 537 1732 et
561 1671 761 1748 existentem,
791 1689 908 1731 novem
941 1669 1092 1732 videlicet
1125 1670 1226 1731 dietas
1251 1683 1333 1732 terre
1358 1669 1409 1730 vel
1433 1670 1510 1732 citra

245 1775 276 1836 in
301 1795 334 1836 se
360 1777 597 1853 continentem
622 1777 698 1838 item
717 1777 817 1837 eciam
839 1775 1002 1858 quandam
1024 1775 1151 1836 vineam
1178 1775 1341 1837 lleuschalr
1364 1789 1509 1838 vocatam

245 1882 277 1943 in
303 1881 464 1944 territorio
488 1881 626 1945 civitatis
656 1883 798 1964 predicte
832 1883 864 1942 in
898 1882 1061 1944 vicinitate
1085 1883 1178 1942 vinee
1212 1881 1294 1944 Petri
1319 1882 1430 1962 generi
1454 1881 1510 1943 Ni·

246 1988 327 2050 colai
355 1989 550 2074 Bogdanych
577 2001 608 2050 et
636 1989 717 2050 inter
750 1989 817 2050 vias
851 2007 1040 2050 communes
1071 1987 1225 2066 habitam,
1257 1988 1393 2070 desuper
1418 2008 1435 2049 a
1459 1988 1510 2048 via

246 2095 411 2156 communi
443 2106 473 2155 et
506 2093 588 2156 infra
621 2115 721 2176 usque
754 2096 893 2156 rivulum
926 2114 959 2155 se
991 2095 1227 2172 extendentem,
1260 2113 1332 2155 cum
1358 2093 1511 2154 omnibus

246 2200 433 2263 earumdem
451 2201 548 2262 trium
570 2202 808 2284 possessionum
827 2201 1029 2278 utilitatibus,
1048 2201 1158 2262 usibus
1172 2214 1202 2261 et
1219 2200 1424 2281 pertinenciis
1440 2201 1509 2262 uni-

246 2307 344 2368 versis
368 2307 437 2368 viro
461 2308 599 2390 provido
624 2323 654 2369 et
678 2307 813 2369 honesto
838 2307 976 2368 lohanni
1000 2307 1139 2388 Baptiste
1164 2325 1283 2387 genero
1308 2325 1367 2368 suo
1392 2325 1428 2368 ac
1454 2325 1510 2388 per

247 2433 320 2475 eum
347 2414 486 2476 Barbare
522 2413 586 2476 filie
618 2434 674 2477 sue
707 2417 848 2477 consorti
881 2435 957 2475 vero
989 2414 1146 2494 legittime
1178 2414 1322 2476 eiusdem
1356 2413 1510 2476 lobannis

248 2520 399 2602 Baptiste,
424 2540 479 2603 per
503 2541 624 2603 eosque
649 2523 794 2603 ipsorum
827 2521 1009 2599 heredibus,
1043 2522 1075 2582 in
1101 2521 1261 2582 racionem
1293 2535 1509 2583 trecentorum

248 2625 313 2690 flor.
341 2627 421 2706 auri,
445 2647 527 2709 quos
561 2629 629 2709 ipse
654 2628 808 2690 Nicolaus
840 2626 1002 2690 aurifaber
1025 2641 1170 2710 tempore
1202 2629 1304 2710 prime
1337 2627 1510 2690 concordie

247 2746 277 2793 et
301 2732 525 2814 disposicionis
549 2733 754 2815 interipsum
780 2735 952 2796 Nicolaum
970 2733 1168 2796 aurifabrum
1187 2747 1218 2796 et
1242 2735 1324 2796 inter
1348 2733 1509 2815 prefatum

249 2839 429 2902 lohannem
455 2841 629 2923 Baptistam
663 2843 790 2903 racione
824 2842 1021 2902 matrimonii
1058 2842 1140 2903 inter
1164 2841 1302 2902 eundem
1329 2841 1509 2902 lohannem

247 2946 422 3028 Baptistam
448 2961 478 3008 et
502 2947 584 3009 iuter
609 2948 710 3030 ipsam
737 2948 909 3010 Barbaram
943 2946 1041 3009 filiam
1076 2948 1175 3028 ipsius
1207 2947 1332 3009 Nicolai
1358 2945 1509 3008 aurifabri

248 3073 336 3114 more
360 3065 466 3116 sancte
492 3074 622 3115 romane
649 3054 781 3116 ecclesie
806 3055 971 3132 contracti,
997 3055 1027 3114 in
1050 3054 1178 3115 civitate
1204 3053 1372 3134 Segniensi
1397 3071 1508 3114 coram

248 3160 394 3240 pluribus
418 3158 589 3242 fidedignis
614 3175 645 3222 et
661 3161 804 3222 honestis
829 3161 903 3222 viris
921 3159 1013 3239 facte,
1038 3160 1128 3222 dedit
1144 3175 1175 3221 et
1192 3159 1328 3222 contulit
1353 3159 1421 3230 iure
1439 3179 1509 3241 per-

248 3279 344 3347 petuo
368 3281 398 3328 et
422 3267 673 3330 irrevocabiliter
698 3267 840 3350 predicte
863 3268 953 3329 litere
979 3268 1077 3349 ipsius
1107 3266 1250 3350 Capituli
1267 3266 1349 3328 dicte
1375 3265 1509 3326 ecclesie

250 3372 457 3434 waradiensis
481 3393 536 3456 per
560 3374 716 3455 vigorem,
742 3374 962 3457 possidendas,
979 3374 1133 3435 tenendas
1150 3373 1267 3455 pariter
1291 3388 1322 3434 et
1347 3371 1510 3434 habendas

249 3498 284 3540 ac
307 3479 395 3560 juxta
420 3480 645 3542 condicionem
671 3481 807 3542 civitatis
832 3493 998 3564 prenotate
1023 3481 1063 3541 ab
1080 3481 1216 3561 antiquo
1240 3480 1462 3561 approbatam,
1480 3493 1511 3540 et

249 3585 422 3666 superinde
447 3601 478 3648 et
501 3587 561 3670 ipsi
587 3587 726 3649 Johanui
753 3587 893 3669 Baptista
926 3606 998 3648 curn
1031 3586 1174 3669 predicta
1208 3605 1305 3647 uxore
1330 3605 1385 3647 sua
1419 3585 1510 3646 litera

248 3691 457 3774 privilegialis
481 3695 540 3755 sub
565 3693 718 3775 pendenti
742 3693 849 3776 sigillo
878 3694 1118 3756 communitatis
1142 3706 1299 3754 emanata.

276 3912 355 3984 ltcnr
384 3910 468 3984 feria
496 3915 642 3986 secunda
681 3917 835 4002 proxima
864 3922 941 4003 post
978 3915 1098 3986 festum
1136 3915 1225 3986 beati
1255 3912 1483 3984 Bartholomei

803 4037 957 4128 apostoli.

759 4187 824 4270 (25.
847 4188 996 4272 auguste).

356 4331 433 4394 ltena
459 4331 620 4394 lohannes
645 4331 748 4393 dictus
772 4331 914 4414 Baptista
931 4351 1029 4413 gener
1058 4331 1184 4413 providi
1208 4330 1345 4392 condam
1371 4329 1429 4390 viri
1454 4327 1510 4389 Ni-

251 4436 333 4498 colai
358 4436 509 4498 aurifabri
535 4437 612 4498 olim
638 4436 753 4516 judicis
776 4451 806 4499 et
823 4438 965 4499 concivis
989 4437 1087 4498 nostri
1112 4436 1169 4499 filii
1194 4436 1298 4514 Petri,
1322 4448 1352 4496 et
1376 4434 1509 4496 honesta

250 4542 366 4604 mulier
391 4544 529 4606 Barbara
554 4558 665 4606 vocata
688 4543 754 4606 filia
780 4545 924 4606 eiusdem
948 4544 1044 4622 Petri,
1075 4563 1205 4604 consors
1229 4543 1386 4622 legittima
1412 4541 1511 4623 ipsius

249 4649 405 4711 lobannis
437 4651 596 4733 Baptiste,
629 4651 778 4712 concives
818 4651 938 4729 nostri,
970 4650 1132 4732 quandam
1175 4663 1344 4730 utramque
1377 4647 1511 4707 domum

250 4776 362 4818 eorum
386 4757 482 4819 simul
507 4777 579 4818 cum
614 4755 721 4819 fundis
754 4771 785 4820 et
818 4757 943 4820 celariis
975 4756 1189 4819 subterraneis
1219 4768 1285 4817 tam
1311 4754 1452 4832 muratis,
1477 4773 1512 4814 ac

249 4863 446 4925 stacionibus
469 4864 616 4925 similiter
640 4865 773 4926 muratis
798 4883 944 4926 necnon
969 4863 1040 4924 aliis
1057 4863 1179 4924 cunctis
1204 4859 1361 4922 hedificiis
1385 4875 1449 4922 tarn
1467 4859 1512 4920 la-

250 4970 336 5052 pidei
362 4989 458 5052 quarn
483 4971 582 5052 lignei
607 4972 713 5052 operis
730 4971 810 5032 inibi
835 4970 951 5031 habitis
968 4985 998 5031 et
1016 4969 1203 5032 constructis
1227 4969 1258 5030 in
1279 4967 1362 5028 dicta
1387 4967 1514 5028 civitate

251 5079 332 5140 inter
356 5092 386 5139 et
409 5097 508 5160 penes
533 5078 662 5157 domos,
685 5076 804 5140 fundos
831 5091 861 5138 et
878 5078 981 5138 curias
998 5077 1057 5138 viri
1075 5076 1201 5160 providi
1218 5089 1249 5138 et
1273 5075 1398 5136 honesti
1409 5073 1513 5226 8Blasii
