3840 5810
413 575 455 635 34
924 556 1011 613 Anno
1034 569 1127 632 1444.

412 767 552 827 mediam
577 766 697 827 curiam
723 766 755 826 in
780 784 812 826 se
841 765 1071 844 continentem,
1103 763 1228 847 prefato
1253 765 1388 826 Nicolao
1420 764 1533 826 sartori
1565 763 1673 824 vicino

369 949 380 970 Ὀ
411 893 469 934 suo
493 892 551 955 pro
576 872 748 934 duodecim
774 870 844 935 flor.
869 872 937 934 auri
961 871 1108 934 vendidit
1135 885 1291 954 perpetuo
1316 870 1544 953 possidendam
1569 885 1600 932 et
1622 890 1674 932 su-

411 980 543 1061 perinde
568 994 615 1042 est
639 980 730 1040 litera
754 980 813 1040 sub
838 979 991 1060 pendenti
1013 978 1121 1060 sigillo
1146 978 1386 1040 communitatis
1410 991 1568 1040 emanata.

518 1086 593 1148 ltem
621 1087 813 1148 Benedictus
845 1085 931 1148 filius
964 1085 1131 1148 Michaelis
1163 1085 1343 1147 Sebastiani
1369 1085 1400 1145 in
1433 1104 1489 1144 sua
1514 1099 1545 1144 et
1569 1083 1673 1165 provi-

411 1191 526 1254 dorum
550 1192 703 1272 juvenum
731 1191 863 1273 Georgii
896 1206 928 1253 et
953 1193 1051 1253 Marci
1084 1189 1225 1253 filiorum
1251 1192 1395 1252 eiusdem
1428 1190 1594 1252 Michaelis
1619 1189 1673 1251 Se·

412 1299 546 1360 bastiani
571 1313 602 1361 et
626 1299 757 1360 domine
783 1297 985 1380 Magdalene,
1010 1299 1049 1359 ab
1075 1319 1138 1360 una
1163 1311 1262 1380 parte,
1295 1299 1335 1359 ab
1359 1298 1457 1359 altera
1484 1315 1561 1358 vero
1586 1311 1674 1378 parte

412 1404 602 1466 Valentinus
635 1405 755 1484 juratus
795 1403 881 1465 filius
913 1403 1080 1466 Michaelis
1112 1405 1276 1487 Saronycb
1315 1423 1414 1486 gener
1457 1403 1672 1485 predictorum

413 1510 578 1572 Michaelis
603 1511 781 1572 Sebastiani
806 1524 837 1572 et
870 1511 1003 1572 domine
1037 1512 1239 1590 Magdalene,
1271 1509 1481 1572 commissarii
1507 1522 1537 1570 et
1561 1527 1673 1570 execu-

410 1632 496 1679 tores
512 1631 775 1679 testamentorum
793 1617 1009 1699 predictorum
1025 1617 1189 1679 Michaelis
1214 1617 1404 1694 Sebastiam,
1428 1615 1583 1697 quasdam
1600 1633 1673 1696 pos-

411 1723 568 1785 sessiones
585 1737 615 1784 et
631 1724 799 1804 porciones
816 1724 1080 1805 possessionarias
1097 1723 1284 1784 eorumdem
1305 1722 1470 1784 Michaelis
1495 1721 1672 1783 Sebastiani

412 1845 443 1892 et
466 1830 596 1890 domine
615 1829 804 1911 Magdalene
822 1831 854 1891 in
872 1830 1009 1908 civitate,
1040 1830 1189 1891 videlicet
1205 1830 1321 1892 domos
1336 1842 1401 1890 tam
1420 1842 1559 1890 mutatas
1576 1846 1673 1909 quam

412 1936 534 2016 ligneas
558 1949 589 1998 et
611 1935 769 1996 staciones
785 1955 821 1997 ac
839 1935 1002 2014 balneum,
1022 1956 1080 1997 nec
1106 1956 1170 1997 non
1189 1937 1347 1998 sessiones
1363 1935 1585 2016 jobagionales
1601 1952 1673 1994 cum

412 2041 537 2122 (h)ortis
560 2055 591 2103 et
614 2039 841 2122 jobagionibus
866 2042 897 2102 in
923 2041 1045 2102 eisdem
1082 2042 1297 2103 residentibus
1329 2042 1361 2103 in
1386 2042 1469 2102 dicta
1494 2040 1619 2102 civitate
1644 2051 1675 2100 et

413 2149 481 2209 eius
504 2148 664 2208 territorio
689 2148 813 2208 habitas
838 2161 869 2208 et
893 2148 1072 2225 existentes,
1096 2161 1126 2208 et
1145 2147 1279 2229 (h)ortos
1303 2149 1335 2208 in
1359 2147 1515 2209 suburbio
1540 2145 1675 2208 civitatis

412 2252 543 2336 prefate,
568 2274 604 2314 ac
628 2254 785 2316 sessiones
802 2253 1025 2335 jobagionales
1043 2254 1191 2316 similiter
1215 2255 1247 2315 in
1266 2254 1382 2316 eodem
1398 2253 1559 2315 territorio
1576 2252 1675 2334 ipsius

413 2360 548 2422 civitatis
572 2379 670 2442 prope
696 2359 831 2421 fluvium
849 2360 943 2421 Zawe
969 2373 1117 2421 vocatum
1137 2361 1167 2422 in
1186 2361 1262 2422 villa
1288 2361 1458 2444 Pobresya,
1475 2373 1540 2421 tam
1558 2377 1674 2419 vacuas

413 2486 509 2548 quarn
534 2465 767 2546 jobagionatas,
792 2485 864 2526 cum
888 2467 981 2528 terris
1005 2467 1181 2527 arabilibus
1206 2466 1368 2548 Delnycze
1393 2479 1424 2526 et
1449 2466 1674 2548 Srebynnycze

412 2571 533 2633 vocatis
556 2591 592 2633 ac
615 2570 843 2652 jobagionibus
868 2572 900 2632 in
922 2572 1044 2634 eisdem
1076 2573 1301 2651 residentibus,
1327 2592 1384 2634 nec
1408 2592 1473 2633 non
1491 2583 1590 2631 terras
1606 2589 1674 2630 ara·

413 2678 494 2739 biles
518 2677 618 2738 cultas
643 2691 673 2739 et
698 2678 833 2739 incultas
858 2679 888 2739 in
921 2679 1082 2740 territorio
1116 2679 1254 2740 civitatis
1278 2677 1411 2762 prefate,
1444 2697 1480 2739 ac
1504 2678 1613 2738 vineas
1645 2689 1676 2735 et

413 2784 561 2866 virgulta,
586 2804 644 2845 nec
669 2803 733 2846 non
758 2785 854 2846 silvas
886 2785 1033 2846 similiter
1066 2786 1096 2845 in
1127 2784 1242 2846 eodem
1274 2785 1437 2846 territorio
1462 2783 1597 2845 civitatis
1620 2782 1674 2843 ha-

414 2891 495 2951 bitas
530 2910 566 2950 ex
591 2909 749 2952 consensu
773 2890 991 2972 predictorum
1024 2890 1158 2953 fratrum
1191 2891 1290 2973 ipsius
1316 2890 1493 2968 Benedicti,
1518 2909 1574 2971 per
1598 2908 1674 2948 eun-

414 2996 487 3056 dem
513 2995 724 3058 Benedicturn
748 3016 805 3078 per
830 2996 1026 3057 eleccionem
1045 2995 1158 3078 prefati
1183 2996 1345 3058 Valentini
1364 2995 1457 3077 jurati
1483 2996 1514 3056 in
1540 3013 1675 3076 persona

413 3105 587 3186 probarum
613 3103 793 3185 puellarum
817 3103 932 3164 Vrsule
957 3116 987 3164 et
1013 3104 1150 3164 Barbare
1168 3101 1307 3164 filiarum
1325 3103 1484 3164 dictorum
1510 3100 1676 3162 Michaelis

415 3210 592 3271 Sebastiani
625 3223 656 3270 et
686 3209 818 3270 domine
851 3209 1054 3290 Magdalene,
1085 3229 1144 3292 pro
1175 3209 1295 3270 eisdem
1328 3209 1443 3270 Vrsula
1475 3221 1506 3268 et
1538 3207 1675 3268 Barbara

414 3314 540 3377 filiabus
564 3313 759 3397 prefatorum
792 3314 958 3376 Michaelis
992 3329 1022 3377 et
1054 3315 1185 3377 domine
1219 3315 1421 3396 Magdalene,
1455 3333 1511 3396 per
1535 3312 1674 3374 eundem

414 3421 621 3483 Valentinum
647 3420 785 3501 juratum
811 3419 926 3482 iactam
953 3420 1019 3482 fore
1045 3422 1238 3500 tetulissent,
1263 3421 1351 3502 quod
1376 3421 1526 3482 balneum
1552 3417 1675 3500 predic·

415 3541 482 3589 tum
508 3526 628 3610 prefate
663 3527 800 3588 Barbare
832 3547 904 3588 cum
939 3541 1021 3588 terra
1054 3528 1165 3588 arabili
1196 3547 1295 3609 penes
1322 3525 1474 3608 (h)ortum
1501 3527 1614 3603 Losak,
1639 3543 1675 3584 ac

416 3653 488 3696 cum
513 3649 593 3695 terra
619 3634 742 3712 arabili,
767 3654 829 3715 que
854 3634 992 3695 condam
1023 3634 1105 3694 Petri
1139 3635 1214 3695 dicti
1240 3634 1396 3696 Penthera
1421 3631 1592 3715 prefuerat,
1616 3651 1675 3692 nec

416 3761 480 3802 non
507 3739 788 3821 duobusv(b)ortis
820 3760 919 3822 prope
952 3739 1073 3801 fontem
1109 3741 1336 3803 Mandusewcz
1369 3753 1518 3801 vocatum
1550 3737 1675 3813 habitis,

416 3866 488 3908 cum
524 3865 636 3907 eorum
669 3846 874 3928 pertinenciis
907 3847 938 3906 in
970 3847 1157 3928 porcionem
1191 3847 1358 3907 cessissent
1389 3859 1544 3927 perpetuo
1577 3843 1676 3926 possi-

417 3952 539 4030 denda;
565 3953 638 4013 item
665 3953 804 4034 predicte
828 3953 984 4013 sessiones
1008 3953 1229 4034 jobagionales
1265 3953 1449 4035 quindecim
1475 3953 1506 4013 in
1533 3951 1674 4034 predicta

418 4061 588 4141 Pobresya,
612 4079 648 4120 ac
671 4079 723 4119 sex
747 4059 855 4141 (h)orti
881 4059 912 4119 in
939 4060 1094 4120 suburbio
1119 4060 1255 4121 civitatis
1283 4058 1404 4141 prefate
1428 4077 1528 4140 prope
1552 4056 1674 4118 fontem

419 4165 644 4227 Mandusewcz
667 4179 829 4244 vocatum,
855 4185 926 4226 cum
958 4165 1023 4226 suis
1055 4166 1277 4247 pertinenciis,
1309 4165 1449 4247 predicte
1474 4163 1587 4226 Vrsule
1612 4161 1676 4224 filie

417 4272 517 4353 ipsius
542 4271 761 4332 Sebastianicb
788 4271 954 4332 Michaelis
979 4272 1009 4331 in
1032 4273 1219 4352 porcionem
1237 4272 1449 4334 devenissent.
1473 4271 1551 4332 Item
1577 4270 1675 4351 palla·

417 4379 502 4440 cium
527 4391 558 4438 et
583 4379 699 4439 domus
724 4391 847 4438 murata
874 4379 904 4437 in
938 4379 1021 4438 dicta
1055 4379 1181 4439 civitate
1214 4379 1295 4438 inter
1319 4377 1451 4438 domum
1486 4391 1516 4437 et
1540 4374 1675 4436 fundum

419 4484 565 4568 Dyonisii
591 4484 721 4544 sartoris
745 4483 802 4545 filii
829 4483 960 4564 Georgii
986 4497 1016 4544 et
1041 4485 1121 4545 inter
1150 4484 1283 4544 domum
1318 4496 1474 4544 muratam
1500 4482 1676 4542 liberorum

418 4592 553 4653 condam
579 4590 752 4652 Alexandri
777 4591 895 4669 habita,
920 4591 999 4652 duas
1024 4611 1096 4652 cum
1121 4591 1227 4651 media
1256 4591 1359 4651 curias
1385 4591 1415 4651 in
1440 4610 1472 4650 se
1497 4589 1676 4667 continens,

417 4716 489 4758 cum
514 4696 579 4757 suis
603 4697 808 4777 pertinenciis
836 4695 959 4778 prefato
985 4697 1093 4758 Marco
1110 4695 1178 4758 filio
1196 4697 1295 4778 ipsius
1313 4695 1479 4756 Michaelis
1497 4695 1676 4756 Sebastiani

417 4803 563 4864 similiter
597 4803 628 4862 in
661 4803 849 4884 porcionem
881 4804 1024 4864 cessisset
1056 4803 1291 4865 divisionalem.
1325 4801 1401 4862 ltem
1435 4802 1529 4863 vinee
1554 4820 1677 4878 omnes,

415 4921 479 4970 tam
505 4909 587 4970 culte
612 4927 708 4990 quam
733 4909 866 4986 deserte,
891 4923 921 4970 et
946 4910 1050 4990 primo
1082 4909 1174 4970 vinea
1201 4908 1338 4970 Koritho
1367 4921 1478 4970 vocata
1515 4909 1596 4969 inter
1628 4908 1676 4967 vi·

417 5035 509 5075 neam
536 5014 683 5094 Gregorii
709 5015 801 5095 jurati
827 5015 882 5077 filii
902 5015 988 5078 Galli
1015 5031 1046 5078 et
1072 5017 1152 5078 inter
1176 5015 1288 5076 silvam
1309 5016 1392 5076 Petri
1416 5015 1491 5075 dicti
1518 5013 1675 5075 Panthera
