3832 5804
380 551 438 630 156
907 553 992 612 Anno
1015 565 1106 631 1454.

375 764 570 826 Laurentius
595 785 652 846 pro
677 786 709 825 se
734 780 798 826 tam
825 765 856 824 in
882 765 944 825 vita
970 785 1068 846 quam
1094 765 1124 825 in
1155 778 1256 826 morte
1281 766 1451 826 reservavit
1475 781 1633 846 perpetuo

378 871 616 952 possidendam,
635 872 694 932 hoc
711 891 870 953 expresso,
895 873 982 952 quod
1000 873 1068 952 ipse
1093 871 1261 932 Ladislaus
1284 891 1356 934 cum
1376 872 1516 953 predicta
1534 891 1630 932 uxore

373 998 430 1039 sua
464 977 622 1061 prelatum
656 979 869 1040 Laurentium
903 997 975 1039 cum
1009 978 1109 1039 Lucia
1139 997 1196 1040 sua
1228 997 1326 1040 uxore
1359 998 1459 1059 usque
1492 993 1629 1039 mortem

374 1105 485 1148 eorum
511 1087 650 1148 debeant
674 1085 833 1148 honorare
858 1099 889 1146 et
913 1101 1057 1146 mortuos
1081 1083 1256 1145 honorifice
1282 1084 1428 1166 sepelire.

479 1210 556 1271 ltem
583 1210 707 1271 Blasius
725 1210 851 1271 institor
871 1208 956 1270 filius
984 1210 1112 1270 Thome
1137 1209 1260 1290 pridem
1279 1208 1399 1288 juratus
1426 1209 1633 1289 concivisque

374 1331 491 1394 noster,
516 1316 671 1398 quasdam
697 1317 775 1376 duas
799 1316 957 1376 stationes
980 1335 1053 1376 suas
1086 1329 1235 1392 muratas,
1268 1315 1364 1376 simul
1395 1334 1466 1376 cum
1501 1315 1634 1375 cellario

372 1423 518 1484 similiter
543 1437 668 1484 murato
693 1437 723 1484 et
755 1421 856 1484 fundo
881 1442 917 1484 ac
949 1421 1116 1500 hedificiis,
1149 1423 1231 1483 inter
1260 1422 1339 1482 alias
1372 1423 1529 1482 staciones
1562 1441 1634 1482 suas

373 1545 511 1590 muratas
535 1543 565 1590 et
589 1527 725 1589 fundum
750 1530 790 1590 ab
816 1528 993 1606 occidente,
1017 1543 1048 1590 et
1081 1529 1162 1590 inter
1187 1527 1323 1590 fundum
1355 1543 1386 1590 et
1410 1528 1546 1589 domum
1573 1528 1630 1588 do·

374 1635 458 1696 mine
484 1639 576 1697 Anne
608 1635 715 1696 relicte
741 1635 878 1696 condam
912 1635 1002 1696 Pauli
1027 1635 1186 1717 Walputh
1217 1635 1341 1695 habitas
1373 1649 1403 1696 et
1430 1635 1629 1712 existentem,

373 1741 511 1802 mediam
537 1741 658 1802 curiam
683 1742 723 1802 ad
749 1761 840 1802 usum
867 1741 1003 1802 civitatis
1028 1741 1058 1802 in
1083 1761 1116 1802 se
1141 1742 1370 1820 continentem,
1396 1739 1539 1820 Georgio
1563 1740 1629 1822 pel·

371 1847 446 1909 lifici
471 1846 538 1908 filio
564 1847 716 1929 Stephani
742 1847 781 1908 de
811 1847 911 1908 Pelter
940 1847 1042 1926 jurato
1068 1863 1176 1908 nostro
1209 1846 1365 1908 moderno
1390 1861 1420 1908 et
1445 1845 1570 1907 concivi
1594 1866 1631 1906 ac

371 1975 426 2034 per
450 1973 523 2016 eum
548 1955 680 2016 domine
713 1954 827 2016 Vrsule
861 1955 1002 2015 consorti
1038 1974 1094 2016 sue
1126 1969 1157 2015 et
1192 1955 1335 2035 ipsorum
1368 1953 1540 2015 heredibus
1573 1973 1631 2034 pro

371 2062 602 2143 quinquaginta
630 2059 699 2124 flor.
725 2061 870 2122 vendidit
898 2075 1053 2143 perpetuo
1082 2061 1301 2142 possidendas,
1331 2075 1361 2122 et
1390 2060 1562 2142 superinde
1588 2073 1634 2121 est

369 2169 458 2230 litera
483 2171 542 2230 sub
568 2169 720 2252 pendenti
745 2169 852 2248 sigillo
876 2169 1116 2230 communitatis
1140 2182 1295 2229 emanata.

475 2293 553 2355 Item
578 2294 762 2356 Anthonius
787 2291 871 2354 filius
897 2293 1025 2353 Thome
1050 2291 1107 2353 filii
1126 2291 1301 2374 Lodovvyci
1328 2291 1367 2352 de
1394 2292 1531 2373 Segnya,
1557 2311 1630 2372 pro-

369 2413 495 2461 curator
519 2400 696 2480 legittimus
720 2399 865 2461 eiusdem
892 2397 1048 2460 Anthonii
1066 2399 1227 2480 patrissui
1253 2413 1284 2459 et
1300 2397 1416 2458 Marini
1441 2397 1556 2477 judicis
1573 2396 1631 2458 filii

368 2506 505 2567 condam
534 2505 675 2589 Klarych
701 2507 739 2565 de
765 2505 878 2568 eadem
903 2505 1029 2586 Segnya
1051 2520 1215 2585 tamquam
1239 2506 1491 2586 gubernatorum
1516 2519 1547 2564 et
1571 2504 1628 2565 ad-

371 2613 625 2672 ministraturum
650 2612 804 2672 heredum
830 2612 967 2672 condam
982 2609 1109 2672 Thome
1128 2611 1234 2673 Choni
1259 2629 1332 2672 cum
1357 2611 1453 2692 pleno
1478 2631 1629 2692 procura·

367 2719 469 2780 cionis
492 2719 645 2779 mandato
670 2718 801 2778 totalem
825 2716 958 2778 domum
988 2733 1144 2778 muratam
1170 2738 1242 2778 cum
1260 2718 1457 2779 oracionibus
1480 2717 1629 2778 similiter

368 2825 500 2886 muratis
524 2837 555 2884 et
579 2824 709 2886 cellario
743 2824 843 2886 eciam
876 2838 1001 2885 murato
1032 2844 1069 2884 ac
1102 2823 1209 2884 fundis
1243 2839 1273 2886 et
1305 2823 1462 2886 hedificiis
1487 2825 1519 2884 in
1545 2824 1630 2885 dicta

368 2931 493 2993 civitate
518 2933 599 2993 inter
626 2931 760 2993 domum
785 2945 815 2992 et
847 2929 984 2992 fundum
1010 2951 1045 2991 ac
1070 2929 1217 2992 hedificia
1252 2930 1384 3011 Georgii
1410 2929 1558 3013 pellificis
1584 2931 1631 3012 ju-

368 3038 425 3098 rati
451 3037 608 3119 prenotati
634 3053 665 3098 et
690 3037 771 3098 inter
799 3051 862 3098 tres
894 3037 961 3097 vias
995 3056 1184 3098 communes
1215 3037 1369 3114 habitam,
1394 3037 1486 3102 sitam
1512 3051 1543 3098 et
1566 3038 1632 3097 exi-

367 3159 513 3220 stentem,
535 3157 598 3205 tres
624 3144 726 3204 curias
751 3156 781 3205 et
806 3163 902 3204 unam
928 3158 1073 3224 quartam
1099 3144 1185 3204 curie
1210 3143 1250 3204 ad
1280 3163 1372 3205 usum
1397 3143 1534 3204 civitatis
1559 3163 1629 3225 pre·

367 3249 431 3311 late
454 3250 484 3310 in
502 3269 533 3310 se
559 3250 789 3328 continentem,
807 3250 938 3311 domine
956 3255 1049 3310 Anne
1068 3250 1176 3311 relicte
1194 3249 1330 3311 condam
1355 3250 1446 3311 Pauli
1464 3249 1632 3332 Walputh,

372 3369 406 3416 ut
430 3375 513 3416 nove
538 3355 661 3416 concivi
688 3370 805 3433 nostre,
831 3375 887 3436 pro
913 3357 1057 3416 ducentis
1083 3369 1113 3417 et
1145 3356 1378 3437 quinquaginta
1403 3355 1472 3417 flor.
1497 3356 1565 3416 auri
1591 3376 1628 3416 ex

368 3483 527 3523 consensu
553 3463 650 3523 vicini
676 3463 809 3544 predicti
827 3462 972 3523 vendidit
988 3477 1144 3544 perpetuo
1162 3461 1389 3544 possidendam
1411 3477 1442 3523 et
1457 3462 1631 3544 superinde

368 3583 413 3628 cst
436 3569 495 3628 sibi
522 3569 638 3649 (litera)
663 3571 721 3628 sub
746 3569 898 3650 pendenti
924 3568 1030 3650 sigillo
1056 3569 1296 3630 communitatis
1321 3583 1478 3630 emanata.

475 3692 552 3752 ltem
577 3693 709 3753 domina
737 3693 897 3754 Dorothea
923 3692 988 3754 lilia
1020 3694 1157 3754 condam
1184 3693 1280 3755 Blasii
1305 3695 1444 3772 sartoris,
1469 3695 1631 3775 quandam

368 3798 501 3858 domum
528 3812 558 3858 et
582 3799 757 3860 stacionem
784 3819 873 3860 suam
899 3800 1050 3879 ligneam,
1076 3820 1112 3860 ac
1145 3799 1280 3860 luridum
1307 3816 1337 3861 et
1361 3799 1509 3862 hedificia
1532 3800 1631 3882 lignei

367 3905 484 3984 operis,
510 3905 591 3964 inter
616 3905 749 3965 domum
775 3919 934 3966 muratam
959 3921 989 3966 et
1014 3904 1150 3966 fundum
1170 3907 1279 3966 Jacobi
1307 3907 1470 3988 Eberspelt
1495 3921 1526 3968 et
1550 3907 1632 3970 inter

367 4010 542 4071 stacionem
569 4011 709 4089 ligneam
736 4027 765 4072 et
783 4009 919 4072 fundum
946 4012 1052 4091 Egidii
1070 4012 1251 4092 purgatoris
1266 4011 1451 4094 gladiorum
1476 4012 1631 4090 habitam,

368 4117 505 4176 mediam
532 4117 652 4176 curiam
678 4117 717 4176 ad
743 4137 836 4178 nsum
854 4117 990 4178 civitatis
1008 4117 1128 4198 prefate
1147 4119 1179 4177 in
1200 4138 1232 4177 se
1251 4117 1481 4194 continentem,
1500 4117 1630 4178 Thome

368 4222 503 4282 institori
530 4221 615 4283 dicto
642 4222 775 4283 Cheden
801 4221 867 4284 filio
892 4224 1013 4302 Jacobi,
1039 4224 1163 4284 concivi
1190 4238 1310 4302 nostr0,
1336 4225 1451 4285 marito
1475 4243 1546 4300 suo,
1571 4225 1631 4285 do-

367 4328 453 4386 navit
478 4341 634 4408 perpetuo
661 4328 889 4408 possidendam
914 4343 944 4389 et
961 4329 1134 4410 superinde
1153 4344 1199 4392 est
1223 4329 1314 4390 litera
1337 4331 1397 4390 sub
1415 4330 1567 4410 pendenti
1587 4331 1628 4390 si-

366 4432 446 4512 gillo
473 4434 713 4494 communitatis
738 4450 895 4496 emanata.

472 4556 548 4616 ltem
575 4557 736 4618 Fabianus
762 4559 845 4620 lilius
870 4561 1006 4621 condam
1033 4561 1144 4622 Eanlto
1162 4561 1201 4622 de
1227 4561 1399 4643 Pobtesya‚
1424 4561 1631 4622 medietatem

366 4661 532 4722 cniusdam
558 4678 638 4724 terre
672 4665 800 4725 arabilis
829 4667 861 4726 in
893 4687 1008 4747 campo
1040 4668 1179 4728 civitatis
1209 4667 1351 4748 predicte
1384 4687 1485 4749 prope
1511 4667 1631 4728 Pobre-

365 4788 452 4851 syam
478 4768 560 4830 inter
584 4785 699 4831 terram
727 4773 823 4833 Marci
850 4772 1163 4856 Chavvschalcoivych
1196 4789 1227 4834 et
1252 4773 1339 4836 Galli
1363 4775 1553 4857 Fermelych
1573 4775 1628 4836 ha-

366 4874 441 4952 bite,
465 4895 517 4934 sex
544 4876 693 4936 videlicet
718 4878 817 4937 dietas
849 4895 931 4939 terre
962 4879 993 4938 in
1026 4899 1058 4940 se
1091 4880 1295 4958 continentis,
1328 4880 1516 4962 porcionem
1542 4881 1631 4942 vide·

365 4981 439 5044 licet
463 5001 552 5042 suam
579 4998 640 5044 tres
663 4985 888 5045 tantummodo
914 4985 1014 5046 dietas
1031 5001 1110 5046 terre
1137 4987 1168 5046 in
1185 5007 1217 5046 se
1235 4986 1456 5048 continentem
1482 4985 1627 5068 Georgio
