3832 5804
433 597 490 677 196
956 593 1159 668 Ann01460.

427 808 640 890 Gerdeyewo,
664 806 813 868 concives
837 805 949 882 nostri,
974 803 1138 886 quandam
1156 803 1364 866 medietatem
1389 802 1557 864 cuiusdam
1575 803 1691 864 domus

426 929 457 977 et
481 913 572 976 lundi
597 933 632 974 ac
657 912 765 974 celarii
791 911 992 973 subterranei
1021 923 1051 972 et
1081 908 1282 972 edificiorum
1307 910 1339 970 in
1363 909 1525 972 territorio
1550 908 1690 970 indicta

425 1021 553 1082 civitate
585 1021 668 1081 iuter
703 1019 819 1079 domos
854 1031 885 1079 et
918 1015 1036 1077 fundos
1067 1017 1210 1096 magistri
1245 1015 1363 1078 Mathei
1398 1015 1514 1077 notarii
1538 1016 1692 1094 nostri,a

425 1124 679 1209 septemtrionali
705 1137 805 1207 parte,
834 1142 870 1184 ac
905 1121 1075 1204 hospitalis
1107 1122 1206 1184 nostri
1239 1123 1421 1184 communis
1445 1143 1461 1183 a
1487 1121 1691 1184 meridionali

427 1247 514 1315 parte
539 1230 674 1311 (habite)
699 1243 730 1291 et
753 1228 928 1307 existentis,
953 1244 1050 1290 unam
1068 1228 1100 1289 in
1124 1241 1193 1291 toto
1218 1229 1359 1291 mediam
1383 1229 1505 1290 curiam
1530 1228 1571 1288 ad
1596 1246 1689 1288 usum

429 1338 564 1400 civitatis
589 1337 678 1398 inse
703 1335 897 1397 continentis
920 1335 965 1397 sic
993 1335 1180 1414 diviserunt,
1206 1335 1294 1417 quod
1323 1335 1479 1397 medietas
1503 1355 1565 1396 una
1591 1335 1691 1416 ipsius

426 1447 517 1507 stube
542 1465 558 1505 a
585 1445 652 1526 ipsa
678 1441 883 1504 meridionali
908 1457 996 1524 parte
1014 1442 1132 1522 habita,
1150 1463 1222 1506 cum
1243 1442 1415 1505 medietate
1441 1441 1531 1504 fundi
1557 1440 1691 1524 predicti

425 1553 465 1613 ab
491 1553 557 1634 ipsa
582 1549 787 1611 meridionali
812 1563 899 1629 parte
923 1550 992 1628 sita,
1026 1569 1061 1610 ac
1095 1548 1294 1611 edificiorum
1328 1565 1359 1610 et
1383 1569 1508 1610 camera
1533 1549 1691 1630 posterior

427 1678 444 1718 a
469 1656 611 1739 predicta
636 1654 827 1717 occidentali
852 1669 941 1736 parte
978 1674 1075 1716 seua
1108 1669 1197 1737 parte
1221 1656 1352 1718 alterius
1385 1655 1565 1718 medietatis
1590 1655 1690 1736 ipsius

433 1763 550 1824 domus
572 1773 603 1822 et
626 1760 717 1822 fundi
742 1775 772 1821 et
796 1758 997 1821 edificiorum
1014 1759 1170 1822 Anthonii
1187 1762 1339 1823 institoris
1363 1762 1432 1840 sita,
1456 1781 1492 1822 ac
1517 1761 1634 1822 directa
1660 1775 1690 1821 et

426 1868 551 1950 equalis
575 1867 729 1928 medietas
746 1865 888 1947 predicte
906 1866 1086 1928 medietatis
1103 1867 1202 1948 ipsius
1219 1867 1327 1929 celarii
1351 1867 1549 1929 subterranei
1567 1887 1583 1927 a
1602 1867 1685 1927 dicta

427 1973 579 2036 anteriori
604 1987 635 2034 et
658 1973 806 2034 orientali
833 1986 920 2054 parte
944 1973 1014 2051 site,
1031 1992 1104 2034 cum
1130 1973 1264 2035 introitu
1287 1993 1323 2034 ac
1347 1974 1434 2034 exitu
1460 1989 1491 2034 et
1513 1972 1579 2033 suis
1594 1971 1690 2054 perti-

428 2080 553 2142 nenciis
577 2079 733 2141 universis
766 2077 889 2161 prefato
914 2079 1051 2140 Nicolao
1082 2081 1182 2140 sutori
1208 2080 1239 2140 in
1272 2079 1460 2162 porcionem
1486 2097 1577 2140 suam
1610 2077 1689 2138 divi·

427 2186 582 2248 sionalem
609 2205 646 2246 ac
668 2205 724 2267 per
748 2204 822 2246 eum
847 2185 912 2246 suis
937 2185 1110 2246 heredibus
1126 2186 1269 2248 cessisset
1298 2201 1453 2268 perpetuo
1478 2184 1691 2268 possidenda,

426 2293 488 2354 alia
512 2305 619 2354 autem
644 2291 801 2354 medietas
825 2290 908 2352 dicte
932 2294 1023 2353 stube
1048 2312 1065 2353 a
1090 2291 1211 2375 prefata
1236 2293 1489 2375 septemtrionali
1516 2307 1605 2374 parte
1630 2293 1687 2353 sita

427 2420 499 2462 cum
525 2399 587 2461 alia
612 2399 783 2460 medietate
809 2397 900 2460 fundi
926 2397 1039 2481 prefati
1056 2402 1096 2461 ab
1113 2399 1226 2461 eadem
1243 2400 1497 2480 septemtrionali
1522 2414 1610 2482 parte
1636 2399 1689 2460 ha-

428 2507 492 2569 bita
517 2525 552 2568 ac
577 2524 701 2567 camera
727 2505 878 2566 anteriori
907 2506 988 2566 inter
1016 2506 1190 2586 coquinam
1222 2519 1253 2566 et
1277 2507 1359 2567 inter
1383 2506 1560 2588 predictam
1585 2524 1689 2566 came·

428 2633 495 2674 ram
521 2612 621 2694 ipsius
645 2611 771 2672 Nicolai
802 2612 919 2674 sutoris
950 2613 1076 2690 situata,
1107 2631 1143 2674 ac
1172 2611 1290 2673 directa
1324 2624 1355 2674 et
1386 2611 1510 2692 equalis
1534 2611 1690 2672 medietas

429 2717 549 2802 prefate
575 2717 757 2779 medietatis
774 2717 849 2778 dicti
874 2717 981 2780 celarii
1007 2719 1203 2779 subterranei
1227 2739 1244 2779 a
1268 2718 1408 2800 predicta
1427 2716 1574 2779 orientali
1601 2731 1688 2799 parte

428 2827 496 2904 site,
521 2844 556 2886 ac
582 2823 715 2886 introitu
733 2837 765 2885 et
788 2824 874 2886 exitu
899 2837 929 2885 et
953 2824 1158 2906 pertinenciis
1175 2823 1332 2885 universis
1356 2836 1498 2906 pretacto
1524 2823 1690 2884 Anthonio

428 2931 527 2992 sutori
545 2949 665 3010 genero
682 2929 820 2991 condam
838 2927 994 2990 Anthonii
1012 2929 1165 2990 institoris
1181 2929 1329 2992 similiter
1346 2931 1379 2991 in
1397 2930 1584 3012 porcionem
1600 2949 1691 2991 suant

430 3035 654 3096 divisionalem
669 3049 699 3096 et
716 3034 887 3096 heredibus
896 3036 961 3096 suis
977 3036 1284 3118 cessissetperpetuo
1294 3036 1499 3118 possidenda,
1514 3036 1690 3098 hoctamen

431 3161 591 3224 expresso,
615 3141 704 3222 quod
729 3139 842 3202 fornax
866 3141 896 3201 in
917 3141 1059 3223 predicta
1075 3144 1167 3203 stuba
1191 3155 1222 3203 et
1237 3142 1359 3224 prelata
1384 3143 1523 3224 coquina
1549 3163 1622 3204 cum
1641 3163 1689 3203 ac·

430 3268 519 3310 cessu
544 3262 574 3309 et
598 3267 724 3310 recessu
748 3248 814 3308 suis
837 3247 1046 3308 solummodo
1071 3247 1222 3329 predictis
1242 3249 1377 3310 Nicolao
1402 3264 1433 3311 et
1458 3247 1625 3310 Anthonio
1641 3267 1691 3309 su·

430 3355 553 3415 toribus
570 3374 605 3415 ac
622 3373 679 3436 per
696 3373 751 3415 eos
768 3354 912 3435 ipsorum
930 3353 1118 3430 heredibus;
1136 3367 1226 3435 posta
1245 3375 1320 3416 vero
1338 3355 1438 3437 ipsius
1453 3355 1558 3417 tocius
1575 3355 1692 3415 domus

432 3473 463 3521 et
487 3459 577 3521 fundi
596 3474 660 3521 tam
686 3461 826 3521 anterior
849 3479 946 3540 quam
966 3461 1123 3542 posterior
1147 3474 1177 3522 et
1201 3481 1303 3542 penus
1327 3461 1435 3523 celarii
1452 3461 1597 3542 predicti,
1622 3481 1693 3543 pars

431 3585 562 3649 quoque
587 3565 677 3627 lundi
703 3566 838 3648 predicti
871 3567 1029 3646 posterior
1061 3587 1119 3648 pro
1152 3568 1352 3649 reposicione
1383 3568 1545 3649 lignorum
1571 3581 1604 3629 et
1634 3587 1691 3651 pro

430 3672 558 3734 stabulo
582 3691 754 3753 porcorum
779 3687 852 3754 apta
877 3686 908 3735 et
931 3674 1040 3735 cloaca
1057 3693 1129 3735 cum
1155 3675 1299 3754 ingressu
1317 3688 1347 3736 et
1371 3694 1516 3755 regressu
1540 3675 1606 3734 suis
1623 3693 1692 3756 pre·

431 3778 503 3840 latis
527 3777 662 3840 Nicolao
679 3779 778 3839 sutori
804 3791 834 3839 et
858 3779 959 3840 eciam
977 3777 1142 3840 Anthonio
1160 3799 1195 3840 ac
1212 3780 1354 3861 ipsorum
1379 3779 1551 3841 heredibus
1568 3799 1693 3861 semper

431 3883 591 3946 deservire
615 3886 812 3945 tenebuntur
835 3898 866 3945 et
889 3884 1061 3966 superinde
1086 3885 1177 3947 litera
1198 3899 1304 3947 nostra
1329 3885 1538 3967 privilegialis
1563 3899 1611 3947 est
1634 3885 1692 3966 ipsi

431 3991 568 4052 Nicolao
593 3991 693 4052 sutori
717 3992 776 4052 sub
801 3991 953 4073 pendenti
978 3991 1086 4072 sigillo
1115 4005 1271 4054 emanata.

536 4096 613 4158 Item
638 4101 747 4177 Agnes
771 4098 879 4159 relicta
904 4097 1041 4159 condam
1071 4097 1249 4160 Clementis
1273 4117 1357 4160 nunc
1381 4117 1513 4160 consors
1530 4097 1692 4160 Valentini

430 4203 570 4280 sartoris,
595 4203 737 4264 concivis
761 4217 880 4282 nostra,
912 4204 1076 4284 quandam
1103 4204 1237 4267 totalem
1269 4205 1399 4266 vineam
1423 4223 1481 4266 seu
1505 4203 1693 4285 porcionem

431 4309 590 4370 vinealem
615 4329 706 4370 suam
731 4310 763 4370 in
788 4311 948 4372 territorio
970 4323 1080 4371 nostro
1105 4310 1187 4371 inter
1211 4310 1338 4372 vineam
1355 4329 1412 4372 seu
1436 4309 1596 4371 vinealem
1622 4327 1694 4390 por·

432 4417 560 4476 cionem
585 4416 710 4476 Nicolai
735 4417 852 4477 sutoris
876 4415 934 4478 filii
959 4417 1054 4495 Petri,
1079 4416 1366 4498 aseptemtrionali
1392 4429 1492 4498 parte,
1516 4429 1548 4477 et
1573 4415 1692 4477 Mathie

433 4522 563 4582 sartoris
586 4521 721 4582 senioris
745 4521 838 4601 jurati
863 4535 895 4583 et
927 4523 1069 4584 concivis
1093 4523 1192 4585 nostri
1225 4521 1282 4584 filii
1308 4521 1462 4603 Stephani
1498 4520 1693 4583 ameridio·

432 4627 497 4688 nali
522 4641 610 4709 parte
635 4627 777 4689 habitam
802 4643 833 4690 et
857 4629 1056 4708 existentem,
1088 4629 1225 4711 desuper
1249 4649 1266 4690 a
1290 4629 1341 4690 via
1366 4628 1532 4691 communi
1558 4642 1589 4690 et
1614 4627 1692 4689 inira

432 4752 533 4815 usque
558 4733 710 4813 rivulum,
735 4735 831 4795 simul
856 4755 929 4797 cum
953 4735 1094 4816 virgulto
1127 4735 1233 4797 eidem
1266 4735 1443 4817 subjacenti
1468 4749 1499 4797 et
1523 4735 1692 4818 pertinenti

433 4861 465 4900 se
490 4839 727 4918 extendentem,
752 4841 887 4902 Nicolao
904 4841 1004 4903 sutori
1028 4839 1096 4901 filio
1114 4841 1197 4903 Petri
1215 4841 1338 4903 concivi
1363 4855 1472 4903 nostro
1489 4861 1525 4902 ac
1549 4861 1606 4923 per
1623 4859 1693 4901 eum

433 4945 497 5006 suis
522 4945 693 5007 heredibus
716 4965 774 5026 pro
799 4947 910 5008 decem
935 4946 1003 5008 flor.
1022 4946 1090 5007 auri
1116 4946 1261 5008 vendidit
1285 4965 1391 5008 coram
1421 4947 1515 5008 nobis
1539 4959 1571 5008 et
1586 4963 1692 5027 supet-

434 5049 508 5111 inde
531 5049 621 5112 litera
647 5066 753 5112 nostra
771 5052 980 5134 privilegialis
1003 5053 1063 5114 sub
1080 5052 1233 5134 pendenti
1258 5051 1367 5134 sigillo
1390 5065 1437 5114 est
1461 5051 1522 5114 sibi
1541 5062 1694 5113 emanata.
