3816 5802
772 533 859 591 Anno
881 545 969 610 1451.
1443 550 1500 612 123

238 743 344 806 eidem
370 744 542 808 Valentino
559 745 657 826 judici
674 760 747 808 sunt
771 746 863 808 litere
885 746 1021 808 civitatis
1037 743 1253 827 privilegiales
1269 743 1328 805 sub
1345 743 1498 824 pendenti

239 850 347 932 sigillo
372 851 611 914 communitatis
639 850 783 914 conlecta
809 867 839 914 et
863 866 1020 914 emanate.

341 958 420 1020 ltem
446 959 608 1020 lohannes
633 959 727 1040 judex
761 959 846 1021 lilius
871 960 955 1022 Petri
988 959 1079 1021 aliter
1105 958 1185 1020 Pero
1207 958 1310 1019 vocati
1335 957 1501 1039 quoddam

239 1064 414 1146 pallacium
439 1085 495 1125 seu
520 1064 654 1126 domum
678 1085 767 1127 suam
802 1079 972 1144 muratum,
1004 1065 1101 1126 simul
1134 1083 1206 1126 cum
1232 1061 1334 1126 fundo
1360 1076 1390 1126 et
1414 1063 1503 1125 hedi·

237 1170 317 1232 ficiis
341 1171 485 1232 eiusdem
511 1170 603 1233 fundi
628 1171 785 1234 universis
809 1171 841 1233 in
861 1172 944 1234 dicta
969 1171 1095 1233 civitate
1114 1171 1196 1233 inter
1213 1171 1332 1232 curiam
1358 1191 1415 1232 seu
1432 1169 1502 1232 lun·

238 1279 319 1339 dum'
342 1297 435 1340 suum
473 1279 572 1340 alium
605 1299 621 1338 a
655 1293 743 1360 parte
775 1278 993 1356 meridionali,
1019 1298 1054 1340 ac
1088 1279 1168 1340 inter
1200 1277 1334 1339 domum
1358 1278 1504 1340 similiter

238 1399 397 1446 muratam
425 1398 455 1446 et
480 1383 616 1446 fundum
641 1405 677 1446 ac
710 1383 859 1446 hedificia
894 1385 990 1446 Blasii
1024 1384 1117 1466 jurati
1150 1384 1249 1446 nostri
1274 1384 1422 1446 moderni
1447 1382 1503 1446 filii

238 1492 403 1574 Stephani,
435 1513 452 1553 a
484 1493 713 1575 septemtrione
746 1493 887 1554 habitam
919 1505 952 1554 et
992 1492 1198 1569 existentem,
1231 1510 1328 1552 unam
1352 1491 1503 1552 videlieet

237 1599 463 1661 tantummodo
488 1600 608 1661 curiam
626 1599 665 1660 ad
691 1619 783 1661 usum
802 1599 886 1660 dicte
907 1597 1043 1660 civitatis
1067 1598 1099 1658 in
1116 1618 1148 1658 se
1173 1597 1405 1674 coutinentem,
1427 1617 1500 1658 cum

237 1706 307 1766 suis
343 1705 533 1767 utilitatibus
565 1720 596 1768 et
628 1705 831 1788 pertinenciis
862 1705 1018 1766 nniverais
1050 1703 1179 1766 Andree
1210 1703 1322 1765 sartori
1360 1702 1427 1764 filio
1451 1703 1502 1764 lo·

238 1812 352 1873 hannis
377 1810 415 1873 de
440 1810 582 1892 Galberg
606 1831 726 1894 genero
751 1826 782 1874 et
807 1810 999 1893 Magdalene
1016 1807 1080 1872 filie
1101 1810 1167 1872 suis
1191 1809 1324 1872 donavit
1340 1823 1503 1892 perpetuo

239 1917 467 2000 possidendam
486 1933 517 1980 et
542 1919 713 2001 superinde
731 1919 807 2002 ipsis
824 1933 870 1979 est
893 1917 983 1980 litera
1016 1919 1074 1979 sub
1100 1917 1253 2000 pendenti
1277 1916 1386 1998 sigillo
1412 1935 1506 1978 com-

237 2024 405 2086 munitatis
429 2039 585 2088 emanata.

344 2129 422 2192 ltem
447 2131 561 2192 Vrsula
586 2129 651 2192 lilia
676 2131 815 2193 condam
840 2131 1041 2214 Margarethe
1066 2129 1175 2192 relicte
1208 2130 1348 2192 condam
1374 2129 1501 2192 Crisani

237 2256 323 2315 coce,
348 2237 460 2318 (nunc)
484 2253 592 2300 autem
624 2237 766 2319 magistri
799 2238 909 2300 Jacobi
943 2237 1077 2318 cirologi
1113 2236 1191 2298 olim
1225 2236 1366 2298 concivis
1401 2237 1500 2299 nostri

236 2341 293 2404 filii
311 2342 466 2404 Anthonii
492 2345 531 2406 de
556 2344 729 2423 Manthwa,
754 2345 917 2426 quandam
942 2344 1077 2406 domum
1101 2361 1191 2405 suam
1211 2343 1352 2424 ligneam
1377 2357 1407 2404 et
1430 2340 1502 2404 fun·

238 2449 315 2511 dum
341 2469 376 2511 ac
409 2451 562 2512 celarium
595 2452 838 2513 subterraneum
871 2463 902 2513 et
933 2449 1081 2514 hedificia
1114 2470 1170 2512 sua
1195 2450 1226 2511 in
1259 2449 1343 2510 dicta
1377 2449 1503 2512 civitate

238 2557 320 2617 inter
345 2555 481 2617 fundum
507 2571 614 2618 nostre
648 2558 898 2636 communitatis,
931 2578 947 2618 a
981 2556 1173 2635 meridione,
1206 2571 1236 2618 et
1265 2557 1346 2618 inter
1370 2555 1503 2617 domum

239 2677 269 2724 et
293 2661 431 2724 fundum
455 2683 491 2724 ac
515 2662 664 2724 hedificia
688 2664 786 2725 Blasii
812 2663 904 2742 labri,
934 2684 951 2724 a
984 2663 1177 2740 meridione,
1203 2683 1238 2724 ac
1263 2663 1346 2725 inter
1370 2662 1503 2724 domum

238 2781 269 2830 et
292 2767 429 2830 fundum
455 2789 491 2831 ac
516 2768 665 2831 hedificia
683 2770 782 2831 Blasii
802 2770 931 2832 sartoris
948 2784 979 2831 et
995 2771 1171 2832 liberorum
1189 2769 1313 2832 Nicolai
1331 2769 1504 2847 Werchelr,

238 2895 255 2938 a
279 2876 509 2958 septemtrione
533 2876 687 2955 habitam,
711 2896 784 2938 cum
809 2877 875 2938 suis
898 2877 1105 2958 pertinenciis
1124 2877 1225 2938 Paulo
1249 2873 1342 2938 fabro
1367 2874 1434 2938 lilio
1451 2875 1504 2937 Jo-

237 2981 351 3044 hannis
376 2982 415 3044 de
441 2982 633 3068 Gerdyewo,
666 3003 752 3045 novo
784 2983 910 3044 concivi
942 2996 1073 3062 nostro,
1106 2983 1221 3044 marito
1253 3002 1312 3044 suo
1345 2982 1504 3063 legittimo

237 3089 371 3152 donavit
394 3105 551 3172 perpetuo
569 3089 796 3172 possidendam
822 3104 852 3152 et
875 3090 1048 3172 superinde
1080 3104 1126 3152 est
1150 3090 1241 3151 litera
1266 3089 1325 3150 sub
1350 3088 1502 3171 pendenti

236 3195 344 3277 sigillo
376 3197 617 3259 communitatis
642 3211 798 3258 emanata.

345 3303 422 3365 ltem
449 3304 586 3366 Michael
610 3303 694 3366 filius
717 3305 855 3366 condam
880 3303 1009 3366 Thome
1031 3305 1147 3366 rasoris
1171 3319 1201 3366 et
1224 3304 1357 3366 sartoris
1380 3324 1503 3386 panno·

239 3430 310 3472 rum
336 3412 367 3473 in
392 3425 503 3474 suaet
529 3411 667 3474 Emerici
684 3411 741 3473 filii
767 3411 911 3474 eiusdem
930 3411 1059 3473 Thome
1084 3412 1199 3472 rasoris
1224 3425 1254 3472 et
1278 3411 1407 3474 sartoris
1425 3431 1504 3493 pan·

240 3538 369 3598 norum,
393 3517 498 3582 fratris
522 3539 598 3581 vero
622 3520 672 3581 sui
697 3517 842 3601 junioris,
868 3517 985 3580 uterini
1009 3532 1040 3580 et
1060 3517 1207 3595 carnalis,
1231 3517 1385 3599 personis,
1403 3536 1504 3597 quan·

240 3625 314 3687 dam
340 3627 473 3688 domum
499 3645 589 3688 suam
621 3639 652 3687 et
685 3626 784 3708 ipsius
816 3624 920 3687 fratris
954 3625 1015 3704 sui,
1049 3643 1122 3686 cum
1155 3622 1257 3686 fundo
1282 3639 1313 3686 et
1337 3621 1503 3702 hedificiis,

240 3733 378 3814 aliisque
403 3733 524 3794 cunctis
556 3733 621 3794 suis
654 3733 846 3795 utilitatibus
877 3747 907 3794 et
937 3731 1144 3814 pertinenciis
1177 3731 1332 3792 universis
1364 3731 1396 3791 in
1421 3730 1504 3792 dicta

240 3839 368 3900 civitate
392 3839 475 3902 inter
507 3838 644 3901 fundum
677 3853 783 3902 nostre
817 3839 1068 3916 communitatis,
1102 3859 1119 3900 a
1152 3839 1342 3916 meridione,
1367 3850 1398 3899 et
1423 3837 1504 3900 inter

239 3944 375 4008 domum
400 3959 431 4009 et
456 3945 592 4009 fundum
610 3967 646 4009 ac
664 3946 810 4009 hedificia
830 3947 926 4008 Blasii
953 3945 1045 4024 labri,
1070 3967 1087 4007 a
1104 3946 1333 4028 septemtrione
1352 3945 1503 4022 habitam,

240 4052 379 4114 mediam
405 4055 526 4115 curiam
551 4054 591 4115 ad
617 4073 709 4116 usum
734 4054 870 4115 civitatis
895 4053 926 4114 in
955 4073 987 4114 se
1021 4053 1251 4130 continentem,
1275 4050 1413 4112 lohanni
1438 4070 1503 4112 car·

240 4157 325 4220 nifici
350 4158 418 4221 filio
443 4160 598 4222 Anthonii
624 4160 663 4222 de
682 4155 927 4243 Bosyakorvyna
948 4179 1006 4241 pro
1024 4173 1162 4240 quatuor
1180 4159 1249 4221 flor.
1267 4157 1336 4218 auri
1361 4156 1505 4218 vendidit

237 4279 395 4348 perpetuo
419 4267 646 4348 possidendam
673 4281 703 4330 et
732 4267 904 4350 superinde
936 4262 1042 4328 eidem
1069 4265 1206 4327 Johanni
1232 4263 1372 4326 carnifici
1398 4279 1444 4326 est
1467 4265 1504 4324 li·

238 4385 305 4432 tera
329 4373 387 4432 sub
411 4373 564 4454 pendenti
589 4373 696 4454 sigillo
717 4373 958 4434 communitatis
982 4385 1141 4434 emanata.

346 4476 423 4538 ltem
449 4477 581 4540 domina
607 4479 781 4540 Scolastica
799 4479 907 4540 relicta
933 4479 1070 4540 condam
1087 4478 1215 4540 Andree
1243 4477 1320 4556 Lah,
1339 4475 1501 4559 quandam

238 4583 373 4645 domum
399 4599 429 4645 et
454 4583 589 4646 fundum
622 4605 657 4646 ac
691 4585 843 4647 celarium
876 4586 1119 4646 subterraneum
1152 4605 1188 4646 ac
1214 4583 1361 4646 hedificia
1393 4581 1499 4643 medie

237 4691 338 4768 curie,
363 4709 435 4751 cum
461 4691 526 4752 suis
549 4691 739 4753 utilitatibus
771 4706 801 4752 et
825 4691 1030 4773 pertinenciis
1064 4691 1220 4752 universis
1256 4692 1287 4752 in
1316 4691 1399 4751 dicta
1424 4687 1499 4750 civi-

237 4809 302 4858 tate
328 4797 409 4858 inter
434 4797 567 4858 domum
593 4809 623 4858 et
649 4797 785 4858 fundum
810 4817 846 4860 ac
871 4795 1019 4860 hedificia
1037 4797 1163 4860 Nicolai
1189 4797 1284 4879 jurati
1311 4797 1409 4858 nostri
1435 4816 1502 4857 mo-

238 4902 329 4964 derni
356 4917 386 4964 et
410 4903 507 4964 Blasii
531 4904 647 4965 sutoris
672 4903 748 4966 dicti
774 4902 898 4986 Glazyn
925 4919 1107 4968 nostrorum
1145 4903 1325 4966 concivium
1351 4903 1504 4978 habitam,

237 5009 378 5072 mediam
406 5011 526 5072 curiam
552 5013 582 5072 in
609 5031 641 5073 se
666 5011 705 5072 ad
730 5030 823 5072 usum
848 5011 984 5073 civitatis
1003 5009 1126 5094 prefate
1153 5012 1183 5072 in
1209 5031 1242 5072 se
1268 5011 1505 5089 coutinentem3
