3840 5810
421 569 439 628 6
954 569 1040 626 Anno
1063 579 1154 644 1441.

420 795 517 844 tatem
543 783 583 842 ab
609 785 734 861 Agnete
767 779 875 841 relicta
909 779 1038 841 Martini
1070 776 1251 863 Zytharych
1287 791 1318 839 et
1351 776 1447 837 aliam
1481 777 1684 838 medietatem

421 889 565 950 eiusdem
592 889 631 949 ab
658 888 758 949 Elena
783 887 892 948 relicta
912 886 995 948 Petri
1013 885 1097 946 Klak
1120 904 1179 968 pro
1204 897 1289 946 certa
1307 884 1536 966 peccuniarum
1560 884 1685 966 quanti-

421 1010 484 1058 tate
510 995 596 1056 idem
616 994 735 1055 Paulus
751 993 961 1074 comparavit,
978 991 1083 1053 eidem
1102 991 1203 1052 Paulo
1220 991 1279 1052 sub
1299 989 1451 1073 pendenti
1476 989 1583 1070 sigillo
1600 1009 1686 1051 com·

422 1103 587 1164 munitatis
611 1100 853 1184 privilegialiter
876 1097 1074 1162 confirmata.

460 1342 542 1411 ltem
571 1341 603 1409 in
633 1339 717 1410 lesto
746 1336 999 1409 Purificacionis
1027 1337 1174 1424 gloriose
1202 1355 1332 1424 semper
1358 1333 1499 1425 virginis
1528 1335 1641 1408 llarie.

944 1494 987 1565 (2.
1003 1491 1180 1568 februarii).

528 1635 605 1694 Item
631 1632 822 1693 Valentinus
845 1630 930 1692 filius
955 1629 1121 1692 Michaelis
1154 1631 1311 1692 Saronich
1336 1645 1366 1693 et
1393 1631 1558 1694 Emericus
1582 1646 1685 1694 sartor

423 1739 507 1802 filius
531 1739 669 1816 Nicolai,
686 1737 896 1799 commissarii
915 1751 945 1798 et
969 1751 1155 1798 executores
1172 1739 1308 1798 verbalis
1326 1739 1508 1798 testamenti
1532 1737 1686 1819 Stephani

422 1847 538 1909 literati
563 1845 621 1907 filii
646 1845 825 1907 Clementis
857 1844 1042 1926 Praudych,
1067 1845 1213 1923 domum,
1248 1843 1383 1906 fundum
1420 1857 1451 1907 et
1474 1845 1626 1906 celarium
1651 1866 1688 1906 ac

423 1953 571 2016 hedificia
597 1953 696 2034 ipsius
721 1951 874 2032 Stephani
900 1951 1016 2012 literati
1051 1951 1132 2012 inter
1157 1951 1290 2011 domum
1316 1963 1346 2012 et
1371 1948 1507 2011 fundum
1532 1951 1687 2013 Anthonii

424 2059 591 2138 carnificis,
616 2059 728 2120 decani
748 2055 943 2135 carnificum,
968 2059 1007 2118 ab
1033 2076 1095 2118 una
1113 2071 1212 2139 parte,
1229 2059 1268 2118 ab
1287 2058 1348 2118 alia
1366 2071 1477 2118 autem
1503 2073 1590 2139 parte
1609 2059 1688 2118 inter

424 2170 557 2230 domurn
582 2181 611 2228 et
643 2165 779 2227 iundum
806 2165 903 2226 Marci
922 2164 1074 2225 Zwechar
1098 2177 1129 2224 et
1154 2164 1293 2246 Philippi
1318 2165 1427 2244 generi
1456 2166 1505 2226 sui
1535 2165 1687 2242 habitam,

426 2275 565 2337 mediam
592 2273 713 2335 curiam
738 2273 768 2332 in
794 2292 826 2332 se
852 2272 1082 2349 continentem,
1113 2271 1280 2332 Anthonio
1313 2270 1452 2333 carnifici
1477 2270 1544 2333 lilio
1571 2272 1684 2333 Briccii

423 2380 600 2458 loiianow,
633 2378 756 2440 concivi
790 2391 917 2455 nostr0,
956 2377 1173 2438 vendiderunt
1204 2393 1359 2459 perpetuo
1396 2377 1623 2459 possidendam
1656 2393 1686 2439 et

424 2485 595 2566 superinde
621 2484 726 2545 eidem
753 2483 919 2544 Anthonio
944 2481 1086 2544 carnifici
1113 2497 1159 2544 est
1176 2483 1266 2544 litera
1292 2484 1503 2566 privilegialis
1526 2486 1585 2545 sub
1610 2504 1687 2565 pen·

424 2593 513 2653 denti
538 2592 645 2672 sigillo
670 2589 911 2652 communitatis
935 2603 1093 2651 emanata.

529 2699 606 2759 ltem
633 2696 809 2780 Elyzabeth
834 2696 925 2757 aliter
951 2697 1052 2757 Kussa
1078 2710 1190 2757 vocata
1232 2697 1342 2758 relicta
1367 2697 1505 2758 condam
1531 2696 1686 2759 Anthonii

427 2803 604 2886 Pestelych,
630 2803 660 2864 in
687 2823 742 2864 sua
767 2817 798 2864 et
823 2803 921 2864 Lucie
946 2801 1071 2863 filicae
1096 2802 1224 2863 Thome
1249 2800 1306 2863 filii
1332 2803 1431 2885 ipsius
1456 2801 1610 2865 Anthonii
1629 2803 1687 2864 Pe·

423 2912 556 2996 stelych,
582 2912 713 2972 totalem
739 2903 926 2992 porcionem
952 2911 1068 2972 domus
1097 2910 1262 2970 cuiusdam
1289 2911 1320 2970 in
1347 2911 1430 2972 dicta
1456 2911 1583 2972 civitate
1607 2911 1688 2972 inter

425 3034 456 3081 et
481 3038 577 3101 penes
601 3018 716 3079 domos
739 3031 769 3078 et
786 3015 905 3078 fundos
922 3016 1078 3078 Demetrii
1096 3016 1229 3077 cultoris
1246 3031 1276 3077 et
1293 3016 1422 3078 Thome
1447 3016 1522 3077 dicti
1541 3015 1688 3098 Chylran,

423 3127 463 3186 ab
487 3145 551 3186 una
576 3139 674 3206 parte,
699 3125 739 3186 ab
764 3124 825 3185 alia
843 3135 951 3184 autern
975 3136 1065 3204 parte
1084 3123 1247 3184 Dominici
1272 3121 1552 3207 Wychechevvych
1570 3122 1687 3202 habite,

424 3253 521 3294 unam
554 3247 701 3313 quartam
736 3231 822 3292 curie
857 3231 887 3290 in
920 3250 952 3291 se
985 3230 1216 3308 continentem,
1250 3231 1393 3290 Barnabe
1426 3228 1595 3292 fistulatori
1619 3229 1687 3292 filio

425 3339 554 3420 Mathye
580 3339 618 3399 de
644 3339 844 3416 Krawarska,
870 3351 904 3399 ut
928 3357 1014 3398 novo
1048 3337 1172 3398 concivi
1197 3351 1319 3416 nostr0,
1353 3337 1499 3399 vendidit
1530 3353 1686 3421 perpetuo

424 3445 652 3528 possidendam
677 3459 707 3505 et
731 3444 903 3526 superinde
929 3442 1035 3505 eidem
1070 3444 1215 3505 Barnabe
1247 3443 1416 3506 fistulatori
1443 3459 1490 3506 est
1513 3445 1603 3507 litera
1628 3448 1686 3508 sub

426 3552 580 3634 pendenti
605 3551 712 3631 sigillo
737 3551 978 3612 communitatis
1002 3564 1160 3611 emanata.

529 3657 606 3718 Item
631 3677 669 3719 ex
693 3657 859 3737 legacione
882 3658 1119 3718 testamentaria
1157 3656 1311 3717 Johannis
1335 3657 1426 3718 aliter
1455 3656 1549 3741 Gyan
1583 3659 1685 3720 vocati

424 3763 579 3824 medietas
612 3762 777 3823 cuiusdam
809 3763 902 3824 vinee
922 3783 978 3824 sue
1011 3763 1042 3823 in
1067 3763 1228 3824 territorio
1261 3763 1397 3825 civitatis
1422 3764 1581 3845 predicte,
1605 3766 1686 3826 inter

423 3870 533 3930 vineas
558 3869 722 3931 Benedicti
748 3871 877 3931 sartoris
901 3868 958 3931 filii
979 3870 1107 3931 Andree
1136 3884 1167 3932 et
1184 3870 1362 3931 liberorum
1390 3870 1568 3933 Clementis
1585 3870 1688 3933 fratris

422 3977 482 4052 sui,
507 3977 546 4037 ab
571 3996 634 4037 una
658 3991 758 4058 parte,
783 3977 823 4038 ab
848 3977 910 4037 alia
935 3991 1041 4038 autem
1075 3991 1164 4058 parte
1195 3978 1362 4038 Benedicti
1394 3977 1451 4039 lilii
1477 3979 1586 4040 Jacobi
1612 3979 1687 4041 dicti

423 4081 539 4143 Pulecz
564 4082 682 4160 habite,
707 4083 807 4143 Elene
826 4083 934 4143 relicte
959 4084 1059 4164 ipsius
1083 4083 1239 4144 Johannis
1257 4082 1351 4166 Gyan
1376 4099 1423 4145 est
1446 4085 1688 4166 privilegialiter

423 4188 628 4265 confirmatam
653 4189 750 4250 aliam
775 4204 882 4250 autern
901 4190 1106 4251 medietatem
1133 4191 1276 4251 eiusdem
1295 4191 1386 4251 vinee
1418 4205 1449 4252 et
1472 4191 1600 4271 virgulti
1626 4191 1687 4252 sibi

423 4295 616 4374 subjacentis
640 4295 738 4357 altera
763 4295 863 4356 Elena
895 4296 987 4358 aliter
1011 4297 1111 4356 Ztana
1135 4311 1246 4358 vocata
1277 4297 1426 4378 prelibati
1452 4297 1607 4358 Johannis
1631 4317 1688 4359 seu

423 4400 516 4482 Gyan
541 4402 800 4481 consanguinea,
825 4403 884 4462 sibi
911 4423 966 4483 per
991 4402 1128 4464 eundern
1155 4403 1336 4465 iohannem
1368 4401 1459 4486 Gyan
1484 4417 1687 4466 testamenta·

422 4506 494 4568 liter
518 4508 711 4568 verbotenus
743 4507 899 4589 legatam,
926 4507 1054 4592 Mathye
1088 4510 1287 4590 carpentario
1306 4509 1373 4570 filio
1397 4510 1517 4571 Vrbani
1543 4510 1582 4571 de
1600 4511 1686 4571 Ztul-

422 4615 519 4696 bycza
545 4633 602 4694 pro
628 4614 801 4676 duodecim
829 4614 898 4676 flor.
922 4616 1068 4677 vendidit
1092 4631 1247 4698 perpetuo
1278 4617 1506 4698 possidendam
1524 4631 1555 4679 et
1578 4637 1687 4700 super·

421 4719 496 4779 inde
521 4720 625 4781 eidem
652 4720 781 4804 Mathye
807 4723 1007 4804 carpentario
1034 4737 1080 4783 est
1104 4722 1194 4784 litera
1219 4723 1278 4783 sub
1296 4722 1449 4804 pendenti
1474 4723 1581 4804 sigillo
1600 4743 1685 4786 corn-

423 4825 588 4888 munitatis
613 4841 770 4889 emanata.

528 4932 606 4995 ltem
632 4934 828 4996 Benedictus
860 4934 944 4996 filius
969 4935 1137 4997 Michaelis
1170 4934 1347 4996 Sebastiani
1381 4935 1544 5016 quandam
1568 4951 1683 4998 terram

424 5057 513 5098 suam
543 5039 697 5100 arabilem
722 5041 753 5101 in
782 5061 894 5122 campo
919 5042 1054 5103 civitatis
1077 5041 1218 5123 predicte
1248 5043 1329 5104 inter
1353 5044 1420 5104 vias
1444 5063 1632 5104 communes
1656 5058 1685 5106 et
