3816 5802
927 508 1127 585 Ann01447.

492 722 569 784 ltem
594 725 703 804 Agnes
725 721 836 784 relicta
861 720 998 782 condam
1025 719 1109 782 Petri
1126 718 1357 802 Wrecharych,
1381 738 1440 803 pro
1464 741 1549 784 nuuc
1573 741 1651 784 con-

385 848 453 890 sors
477 827 632 909 legittima
657 828 742 890 Petri
766 825 919 909 lutifiguli
943 825 1001 888 filii
1026 825 1161 907 Georgii
1186 826 1339 910 Werych,
1364 827 1497 889 totalem
1521 827 1649 890 vineam

384 955 475 998 suam
500 937 583 997 inter
607 935 718 998 vineas
742 935 919 996 liberorum
942 934 1080 996 condam
1106 933 1207 996 Elene
1231 933 1375 994 mulieris
1399 933 1483 996 dicte
1509 933 1650 1015 Cherna,

385 1064 402 1105 a
427 1043 616 1121 meridione,
640 1055 672 1104 et
696 1043 777 1104 inter
801 1042 928 1103 vineam
947 1040 1047 1102 Elene
1078 1040 1186 1102 uxoris
1210 1041 1340 1124 Mathye
1371 1041 1519 1122 citariste,
1543 1062 1650 1126 asep-

385 1150 555 1212 temtrione
587 1149 740 1228 habitam,
772 1167 845 1210 curn
877 1147 1016 1230 virgulto
1045 1147 1105 1208 sibi
1137 1146 1314 1229 subjacenti
1346 1168 1378 1208 se
1411 1149 1650 1229 extendentem,

386 1257 487 1339 ipsam
512 1257 580 1337 jure
605 1255 789 1317 divisionali
814 1253 988 1316 literatorie
1013 1266 1272 1331 concernentem,
1294 1253 1439 1336 predicto
1465 1255 1557 1317 Petro
1574 1256 1649 1317 luti-

386 1363 486 1446 figulo
510 1363 579 1424 viro
603 1382 662 1424 suo
687 1361 820 1424 donavit
852 1373 1007 1443 perpetuo
1040 1359 1267 1442 possidendam
1292 1373 1323 1422 et
1347 1362 1520 1443 superinde
1545 1362 1650 1424 eidem

388 1469 481 1532 Petro
505 1468 667 1550 lutifigulo
692 1482 738 1530 est
755 1467 844 1530 litera
862 1468 921 1528 sub
939 1466 1091 1548 pendenti
1107 1465 1215 1547 sigillo
1230 1467 1470 1529 communitatis
1494 1483 1651 1534 emanata.

493 1576 570 1637 Item
594 1575 746 1637 dominus
765 1574 926 1636 Seboldus
951 1571 1157 1635 medietatem
1174 1572 1341 1634 cuiusdam
1367 1574 1484 1636 domus
1508 1589 1539 1637 et
1556 1573 1650 1637 lundi

387 1703 423 1744 ac
449 1680 672 1743 hedificiorum
699 1681 729 1742 in
756 1680 839 1742 dicta
864 1679 991 1740 civitate
1025 1679 1106 1740 inter
1141 1677 1256 1740 domos
1280 1678 1445 1742 Valentini
1476 1679 1534 1742 filii
1559 1681 1651 1743 Pauli

389 1787 585 1850 Dauidowcz
610 1801 641 1849 et
666 1785 886 1848 Bartholomei
910 1783 1050 1866 agricole
1075 1783 1182 1845 habite
1217 1799 1248 1845 et
1271 1785 1446 1865 existentis,
1469 1805 1565 1848 unam
1591 1787 1651 1848 sci·

387 1895 463 1956 licet
486 1906 632 1975 quartam
656 1893 742 1954 curie
768 1893 799 1953 in
824 1911 856 1952 se
882 1891 1111 1968 continentem,
1144 1889 1280 1952 Nicolao
1304 1890 1431 1952 literato
1448 1891 1515 1953 lilio
1540 1893 1650 1954 lacobi

388 2020 446 2083 pro
471 2000 614 2081 quinque
649 1998 717 2060 flor.
750 1998 817 2059 auri
851 1996 996 2058 vendidit
1030 2007 1184 2078 perpetuo
1220 1996 1460 2078 possidendam,
1492 2012 1523 2060 et
1555 1999 1651 2060 aliam

389 2107 594 2170 medietatem
612 2105 755 2168 eiusdem
781 2105 897 2166 domus
915 2117 946 2165 et
963 2102 1053 2164 fundi
1079 2122 1114 2163 ac
1132 2100 1366 2183 hedificiorum,
1384 2125 1480 2165 unam
1505 2119 1652 2186 quartam

389 2215 474 2276 curie
500 2215 532 2274 in
556 2233 588 2275 se
613 2213 830 2274 continentem
857 2212 942 2272 idem
967 2210 1119 2272 Nicolaus
1139 2209 1282 2272 literatus
1299 2211 1524 2274 dinoscebatur
1548 2213 1650 2296 possi·

389 2321 475 2399 dere,
499 2319 573 2380 ideo
591 2320 658 2401 ipsa
682 2331 747 2380 tota
765 2318 881 2379 domus
905 2331 935 2377 et
958 2315 1077 2378 fundus
1101 2336 1137 2377 sc
1161 2315 1307 2378 hedificia
1332 2317 1438 2380 medie
1463 2319 1549 2380 curie
1574 2337 1648 2379 cum

389 2427 454 2488 suis
477 2425 683 2506 pertinenciis
707 2425 766 2505 ipsi
792 2423 927 2484 Nicolao
945 2423 1071 2483 literato
1095 2435 1141 2482 est
1159 2421 1332 2483 literatorie
1351 2437 1467 2485 statuta
1491 2436 1648 2506 perpetuo

389 2530 584 2615 possidenda
608 2545 638 2592 et
663 2529 834 2612 superinde
868 2543 913 2589 est
947 2529 1039 2589 litera
1063 2529 1121 2588 sub
1154 2527 1307 2608 pendenti
1339 2529 1447 2610 sigillo
1471 2529 1651 2591 communi·

389 2637 461 2698 tatis
485 2650 642 2698 emanata.

496 2744 573 2804 ltem
598 2741 739 2825 prelatus
760 2743 911 2802 dominus
926 2741 1086 2802 Seboldus
1100 2741 1211 2825 Mayar
1227 2742 1389 2824 quandam
1408 2742 1541 2804 domum
1559 2763 1650 2804 suam

391 2869 463 2912 curn
490 2849 592 2910 fundo
617 2863 648 2932 ct
672 2849 790 2910 celario
808 2849 1018 2910 subterraneo
1043 2867 1078 2908 ac
1096 2846 1252 2910 hedificiis
1270 2849 1302 2909 in
1320 2849 1402 2910 dicta
1427 2849 1553 2910 civitate
1571 2849 1654 2910 inter

391 2957 506 3018 domos
530 2969 560 3017 et
584 2954 702 3016 lundos
727 2954 825 3016 Marci
852 2952 984 3014 cultoris
1017 2953 1121 3015 fratris
1153 2954 1277 3016 domini
1302 2952 1404 3017 Marci
1430 2955 1596 3038 presbiteri
1622 2969 1653 3016 et

391 3065 473 3126 inter
497 3061 633 3125 lundum
658 3082 694 3122 ac
719 3062 852 3122 domum
872 3060 1024 3121 Bernardi
1049 3059 1199 3141 lutiliguli
1217 3081 1253 3122 ac
1278 3061 1407 3124 Thorne
1432 3062 1555 3143 Dragos
1572 3061 1652 3124 Gra-

391 3168 509 3252 barych
534 3169 610 3230 dicti
635 3169 789 3245 habitam,
815 3167 955 3228 mediam
980 3167 1100 3228 curiam
1120 3167 1151 3228 in
1177 3187 1209 3228 se
1234 3169 1465 3248 continentem,
1490 3189 1562 3230 curn
1586 3169 1652 3230 suis

392 3277 597 3360 pertinenciis
623 3275 798 3337 Benedicto
823 3273 920 3354 judici
947 3274 979 3334 in
1005 3273 1170 3334 Kralewcz
1194 3273 1262 3336 filio
1287 3274 1417 3337 Martini
1442 3289 1551 3338 nostro
1576 3295 1652 3338 con·

392 3385 467 3447 civit
490 3383 636 3444 vendidit
653 3395 808 3464 perpetuo
834 3379 1062 3462 possidendam
1079 3393 1110 3441 et
1133 3380 1305 3462 superinde
1322 3395 1369 3443 est
1385 3381 1476 3444 litera
1499 3383 1558 3444 sub
1575 3402 1652 3464 pen-

393 3491 480 3554 denti
498 3490 604 3572 sigillo
622 3489 860 3550 communitatis
885 3487 990 3548 eidem
1016 3487 1192 3548 Benedicto
1218 3501 1374 3551 emanata.

499 3597 575 3658 ltem
601 3596 715 3656 Vrsula
741 3593 805 3656 filia
829 3593 966 3655 condam
993 3592 1149 3654 lohannis
1177 3593 1234 3654 lilii
1259 3593 1421 3656 Valentini
1446 3593 1653 3656 medietatem

393 3703 558 3766 cuiusdam
584 3703 676 3764 vinee
701 3703 734 3764 in
758 3702 919 3763 territorio
944 3699 1028 3761 dicte
1053 3700 1191 3762 civitatis
1216 3701 1298 3762 inter
1323 3701 1451 3762 vineam
1477 3702 1653 3762 liberorum

394 3811 531 3872 condam
558 3810 656 3870 Elene
682 3807 826 3869 mulieris
850 3806 959 3868 relicte
984 3805 1122 3866 condam
1153 3805 1243 3867 Pauli
1267 3804 1326 3868 filii
1351 3805 1500 3889 Gywani,
1525 3827 1542 3868 a
1566 3819 1654 3888 parte

393 3914 659 3998 septemtrionali,
684 3927 714 3975 et
738 3913 797 3975 viri
821 3912 948 3995 providi
973 3911 1099 3972 Nicolai
1117 3913 1297 3993 purgatoris
1320 3911 1515 3993 gladiorum,
1532 3933 1549 3973 a
1566 3925 1655 3994 parte

394 4021 598 4084 meridionali
622 4020 741 4099 habite,
766 4039 782 4081 a
808 4032 896 4101 parte
921 4018 1005 4079 dicte
1030 4021 1122 4078 vinee
1143 4018 1285 4099 ipsorum
1310 4018 1487 4080 liberorum
1513 4018 1654 4100 predicte

396 4129 496 4191 Elene
521 4128 665 4189 mulieris
688 4127 781 4188 sitam
806 4141 837 4188 et
860 4125 1071 4207 adjacentem,
1096 4143 1169 4185 cum
1194 4124 1260 4185 suis
1288 4123 1481 4186 utilitatibus
1505 4139 1535 4185 et
1560 4127 1650 4207 perti·

397 4236 520 4298 nenciis
544 4233 701 4296 universis
726 4232 868 4314 Georgio
893 4231 1033 4313 agricole
1069 4229 1136 4292 filio
1161 4229 1291 4292 Thome
1323 4231 1468 4292 vendidit
1498 4245 1654 4312 perpetuo

394 4339 621 4424 possidendam
646 4359 683 4400 ex
707 4358 866 4400 consensu
890 4338 1070 4398 vicinorum
1103 4336 1319 4418 predictorum
1351 4349 1381 4398 et
1404 4336 1576 4418 superinde
1602 4349 1649 4398 est

395 4447 485 4509 litera
510 4448 568 4507 sub
593 4445 746 4528 pendenti
770 4445 878 4527 sigillo
903 4443 1141 4506 communitatis
1166 4457 1323 4505 emanata.

919 4739 1131 4760 Ἣ·-
