3854 5798
404 549 469 610 254
931 527 1018 586 Anno
1041 523 1136 605 1466.

406 739 545 824 irenipar
569 760 605 802 ac
629 738 763 802 honesta
790 737 905 800 mulier
930 737 1055 818 Agatha
1078 749 1189 800 vocata
1214 737 1321 800 relicta
1348 737 1405 798 viri
1430 736 1567 798 condam
1594 755 1667 818 pro·

403 847 470 910 vidi
495 847 651 909 Johannis
668 843 825 908 carnificis
842 844 917 906 dicti
936 843 1112 929 Eanychyn
1130 845 1210 906 olim
1228 843 1369 906 concivis
1386 845 1485 906 nostri
1507 841 1564 904 filii
1584 842 1668 904 Petri

403 953 479 1016 dicti
499 952 641 1038 Drysych
654 952 693 1014 de
708 953 890 1030 Ztenowcz,
903 951 1053 1012 concives
1070 951 1181 1030 nostri,
1192 950 1401 1012 commissarii
1425 963 1456 1011 et
1480 961 1668 1011 executores

404 1059 548 1122 eiusdem
575 1059 712 1122 condam
739 1057 895 1120 Johannis
927 1055 1095 1136 carnificis,
1129 1057 1293 1140 quandam
1317 1057 1445 1118 vineam
1471 1056 1570 1138 ipsius
1593 1074 1667 1120 con·

405 1167 479 1228 darn
505 1165 660 1228 Johannis
685 1163 958 1227 Banichewschalt
975 1177 1134 1242 vocatam,
1158 1165 1189 1225 in
1206 1163 1368 1226 territorio
1393 1177 1503 1224 nostro
1526 1182 1562 1224 ac
1587 1162 1669 1223 inter

403 1275 512 1336 vineas
535 1272 656 1356 prefate
681 1271 806 1353 Agathe
831 1271 940 1334 relicte
966 1271 1067 1354 ipsius
1091 1271 1229 1334 condam
1255 1271 1421 1349 lobannis,
1446 1285 1477 1333 et
1501 1270 1585 1333 Petri
1610 1267 1668 1330 filii

403 1379 547 1442 eiusdem
572 1379 710 1442 condam
736 1378 892 1440 lobannis
928 1377 1094 1454 carnificis,
1127 1380 1166 1440 ab
1191 1397 1266 1457 una,
1298 1398 1314 1438 a
1340 1377 1545 1439 meridionali
1569 1390 1668 1459 parte,

403 1500 434 1548 et
457 1485 590 1568 provide
616 1486 761 1547 mulieris
778 1485 879 1547 Elena
904 1497 1017 1548 vocate
1035 1484 1144 1546 relicte
1166 1485 1305 1546 condam
1327 1483 1494 1546 Michaelis
1517 1482 1668 1564 agricole,

403 1593 698 1676 aseptemtrionali
734 1608 823 1676 parte
857 1591 1011 1672 habitam,
1044 1593 1181 1676 desuper
1211 1613 1227 1654 a
1260 1593 1312 1654 via
1344 1575 1509 1654 communi
1533 1604 1564 1653 et
1587 1587 1668 1652 infra

404 1720 505 1782 usque
530 1700 685 1778 rivulum,
709 1719 780 1761 curu
807 1699 948 1782 virgulto
973 1701 1078 1762 eidem
1105 1700 1198 1762 vinee
1215 1699 1394 1782 subjacenti
1419 1718 1451 1759 se
1475 1696 1668 1780 pretenden-

403 1819 479 1884 tem,
504 1825 578 1868 cum
603 1805 756 1868 omnibus
772 1806 918 1868 eiusdem
935 1807 1029 1868 vinee
1047 1805 1240 1868 utilitatibus
1264 1825 1300 1868 ac
1316 1805 1443 1868 stabulo
1468 1824 1524 1866 seu
1542 1801 1668 1864 lroucha

404 1913 510 1975 eidem
546 1913 640 1974 vinee
677 1911 815 1994 desuper
848 1910 1014 1990 adjacente
1050 1925 1081 1974 et
1115 1913 1301 1994 pertinenti,
1339 1911 1503 1973 Demetrio
1527 1908 1667 1990 agricole

404 2017 649 2102 Franczeltoych
676 2019 762 2080 dicto
786 2018 825 2079 de
851 2017 985 2080 Raboch
1003 2019 1128 2081 concivi
1154 2032 1266 2080 nostro
1284 2039 1320 2081 ac
1345 2038 1402 2101 per
1425 2036 1498 2079 eum
1524 2016 1590 2077 suis
1613 2014 1668 2077 he·

403 2126 534 2188 redibus
558 2145 617 2209 pro
640 2125 769 2206 triginta
794 2143 830 2186 ac
854 2124 963 2187 medio
996 2123 1066 2187 flor.
1096 2125 1164 2187 auri
1198 2125 1393 2187 vendidisset
1418 2124 1487 2206 jure
1511 2136 1668 2207 perpetuo

405 2233 590 2296 tenendam.

510 2357 586 2419 ltem
611 2357 687 2438 quia
711 2355 867 2418 discretus
891 2357 941 2418 vir
965 2356 1082 2419 domus
1099 2355 1252 2420 Clemens
1269 2357 1423 2438 presbiter
1440 2371 1543 2419 rector
1560 2355 1667 2438 hospi-

404 2463 477 2526 talis
502 2463 600 2525 nostri
626 2462 809 2524 communis
833 2464 865 2524 in
890 2463 975 2524 dicta
1000 2463 1128 2526 civitate
1146 2462 1282 2542 fundati,
1311 2463 1465 2546 quasdam
1491 2463 1571 2524 duas
1594 2481 1668 2544 por·

405 2570 515 2631 ciones
538 2589 611 2630 suas
634 2568 778 2630 vineales
803 2582 834 2631 et
850 2569 926 2632 dicti
951 2569 1119 2653 hospitalis
1140 2571 1172 2632 in
1189 2570 1352 2634 territorio
1376 2585 1485 2632 nostro
1510 2589 1566 2630 seu
1590 2567 1665 2629 civi·

403 2675 476 2736 tatis
500 2673 620 2757 prefate
644 2694 713 2736 sese
738 2675 890 2756 contigue
915 2676 955 2736 ad
980 2675 1118 2738 invicem
1152 2677 1349 2759 conjunctas,
1372 2697 1408 2740 ac
1432 2677 1514 2738 inter
1538 2675 1665 2736 vineam

404 2795 435 2844 et
459 2781 612 2863 (h)ortum
640 2779 753 2842 Briccii
786 2781 927 2861 agricole
959 2781 1051 2843 aliter
1083 2783 1198 2866 Myrko
1231 2784 1318 2863 dicti,
1349 2780 1607 2860 ameridionali,
1630 2799 1667 2841 ac

404 2889 486 2950 inter
509 2888 636 2949 vineam
662 2901 693 2948 et
717 2885 871 2969 (h)ortum
896 2888 1043 2972 Dyonisii
1068 2889 1231 2969 institoris,
1259 2889 1442 2952 concivium
1468 2901 1664 2965 nostrorum,

403 3015 420 3056 a
444 2993 699 3076 septemtrionali
724 3008 812 3076 parte
836 2992 962 3056 habitas
986 3009 1016 3056 et
1041 2995 1221 3075 existentes,
1250 3016 1336 3060 nunc
1360 2997 1392 3058 in
1415 3014 1513 3057 unam
1538 2995 1667 3056 vineam

403 3100 547 3162 redactas
569 3099 600 3162 et
623 3099 793 3178 desolatas,
817 3120 835 3161 a
859 3100 1001 3183 quodam
1036 3101 1135 3163 fluvio
1160 3103 1355 3186 Zazydnyak
1379 3122 1396 3163 a
1421 3116 1510 3184 parte
1535 3100 1696 3164 orientis·

405 3207 515 3269 habito
539 3220 570 3268 et
593 3226 688 3289 supra
712 3206 752 3267 ad
777 3207 927 3268 verticem
947 3207 1065 3270 montis
1087 3222 1117 3269 et
1135 3209 1250 3270 iterum
1269 3209 1308 3272 tle
1326 3210 1396 3292 ipso
1413 3209 1531 3271 vertice
1545 3208 1666 3270 montis

405 3333 506 3396 usque
531 3314 693 3395 quandam
719 3313 835 3374 vallem
861 3333 917 3375 scu
942 3313 1113 3375 decursum
1142 3335 1226 3397 aque
1242 3315 1401 3398 pluvialis
1425 3336 1443 3377 a
1467 3329 1556 3398 parte
1581 3314 1664 3377 occi·

404 3420 536 3499 dentali,
560 3439 633 3481 cum
658 3439 769 3481 secura
793 3421 843 3482 via
873 3439 929 3501 per
961 3420 1115 3500 (h)ortum
1141 3421 1241 3504 ipsius
1274 3423 1421 3506 Dyonisii
1446 3422 1601 3485 institoris
1625 3423 1665 3483 ab

404 3525 474 3608 ipso
498 3527 621 3588 oriente
646 3526 852 3608 procedendo
877 3527 917 3589 ad
950 3528 1033 3610 ipsas
1064 3529 1207 3591 vineales
1238 3515 1597 3612 porciones'hospitalis
1628 3529 1664 3590 li·

404 3632 553 3694 beraliter
577 3633 726 3712 ducente,
748 3633 920 3696 Valentino
940 3635 1080 3716 agricole
1105 3634 1172 3697 filio
1190 3636 1315 3719 Ztoylto
1340 3636 1380 3698 de
1398 3637 1566 3718 Zarversya
1590 3654 1665 3697 con-

404 3738 464 3800 civi
490 3753 601 3801 nostro
625 3758 661 3800 ac
686 3759 742 3821 per
766 3758 841 3801 eum
859 3740 959 3822 ipsius
983 3740 1157 3804 heredibus
1173 3763 1231 3825 pro
1249 3762 1315 3805 uno
1339 3763 1413 3804 vase
1437 3741 1503 3803 vini
1528 3741 1665 3823 quadra-

402 3843 489 3924 ginta
515 3844 650 3906 cubulos
674 3845 859 3906 continente
883 3865 919 3908 ac
944 3845 1072 3908 duobus
1106 3848 1251 3910 curribus
1282 3849 1446 3930 lignorum
1470 3846 1666 3908 vendidisset

403 3949 473 4031 jure
496 3965 654 4034 perpetuo
678 3951 899 4034 possidendas.

459 4085 463 4096 ·
511 4075 609 4149 Quod
634 4077 767 4158 provida
794 4078 910 4139 mulier
935 4079 1112 4161 Elyzabeth
1145 4095 1258 4143 vocata
1289 4082 1398 4143 relicta
1430 4080 1568 4144 condam
1592 4077 1666 4142 Cle·

405 4181 521 4243 mentis
546 4182 697 4266 Fudrych
722 4181 786 4245 filia
812 4185 948 4246 condam
981 4186 1064 4247 Petri
1098 4186 1249 4269 lutifiguli
1282 4187 1339 4249 filii
1365 4188 1497 4270 Georgii
1522 4185 1667 4270 Werych

404 4287 492 4366 dicti,
517 4287 595 4349 olim
622 4289 803 4351 concivium
823 4306 1017 4369 nostrorum,
1041 4293 1186 4354 vendidit
1204 4295 1367 4375 quandam
1385 4295 1518 4356 domum
1542 4306 1573 4356 et
1595 4289 1667 4354 fun·

404 4393 481 4455 dum
507 4393 621 4476 prefati
646 4397 782 4458 condam
821 4397 904 4460 Petri
938 4397 1089 4480 lutifiguli
1123 4401 1305 4482 patrissui,
1336 4402 1427 4463 heres
1449 4415 1481 4462 et
1503 4418 1667 4462 successor

403 4499 561 4580 legittima
585 4501 729 4564 eiusdem
749 4503 886 4565 condam
906 4505 989 4566 Petri
1007 4505 1170 4587 lutifiguli,
1195 4508 1225 4568 in
1252 4508 1335 4569 dicta
1353 4508 1490 4585 civitate,
1514 4527 1551 4568 ac
1568 4525 1667 4588 penes

404 4605 540 4668 fundum
567 4621 598 4669 et
621 4608 755 4670 domum
790 4610 933 4671 eiusdem
968 4610 1147 4694 Elyzabeth
1177 4614 1331 4693 mulieris,
1363 4615 1402 4675 ab
1433 4612 1610 4689 occidente,
1636 4625 1667 4672 et

405 4712 487 4774 inter
511 4713 591 4774 duas
624 4715 691 4775 vias
715 4735 769 4776 scu
802 4716 923 4797 plateas
955 4737 1144 4779 communes
1177 4739 1213 4781 ac
1237 4732 1321 4782 retro
1353 4720 1491 4781 eundem
1516 4718 1665 4796 fundum,

404 4819 485 4880 inter
510 4818 646 4881 fundum
671 4841 688 4882 a
713 4835 801 4902 parte
831 4825 1085 4904 septemtrionali
1115 4845 1335 4888 successorum
1353 4827 1490 4888 condam
1515 4825 1665 4908 Gregorii

403 4923 554 5007 lutifiguli
579 4926 688 5010 Zaylro
715 4928 789 4990 dicti
816 4929 957 4992 habitam
991 4945 1020 4992 et
1053 4932 1252 5011 existentem,
1286 4953 1380 4994 unam
1406 4947 1550 5015 quartam
1577 4934 1665 4997 curie
