3832 5804
806 560 893 617 Arma
918 560 1011 637 1460.
1485 579 1544 638 ²05

277 789 407 834 nentem
446 773 626 855 emptionis
656 771 752 835 titulo
785 771 959 834 literatorie
991 771 1167 834 dinoscitur
1198 771 1373 853 possidere,
1398 773 1471 835 ideo
1496 789 1542 834 est

277 879 336 940 sibi
361 892 478 941 statuta
503 892 535 940 et
557 899 614 961 per
638 897 712 940 eum
737 877 802 939 suis
836 877 1010 940 heredibus
1041 892 1072 940 et
1104 877 1278 960 superinde
1311 879 1401 940 litera
1434 893 1540 941 nostra

278 985 486 1067 privilegialis
510 987 569 1046 sub
593 985 745 1066 pendenti
771 983 879 1066 sigillo
911 997 958 1045 est
981 985 1041 1045 sibi
1067 997 1225 1045 emanata.
1284 1035 1290 1044 .

383 1091 459 1152 ltem
485 1091 559 1173 quia
595 1089 756 1172 Georgius
786 1103 876 1153 sutor
908 1089 993 1152 filius
1025 1091 1121 1152 Blasii
1155 1091 1318 1172 quandam
1352 1092 1486 1152 domum
1512 1107 1543 1154 et

278 1195 414 1258 fundum
440 1198 535 1259 unius
559 1211 671 1279 quarte
695 1210 726 1259 et
750 1210 861 1258 octave
895 1198 982 1259 curie
1007 1197 1039 1258 in
1072 1197 1227 1259 suburbio
1261 1197 1397 1260 civitatis
1422 1197 1542 1279 prefate

278 1303 359 1365 inter
382 1303 497 1365 domos
522 1317 553 1366 et
577 1301 694 1364 fundos
720 1303 858 1365 Emerici
890 1303 1018 1381 sutoris,
1048 1323 1065 1364 a
1097 1302 1288 1381 meridione‚
1312 1317 1343 1364 et
1367 1303 1541 1365 liberorum

276 1428 332 1470 seu
355 1428 576 1471 successorum
600 1408 730 1469 Andree
763 1408 901 1470 condam
935 1407 1135 1470 Thomasich
1167 1409 1345 1490 empcionis
1377 1409 1471 1472 titulo
1495 1409 1542 1469 di·

276 1515 417 1576 noscitur
441 1514 604 1596 possidere
629 1514 703 1576 ideo
728 1533 783 1596 per
808 1533 867 1574 nos
898 1527 944 1575 est
968 1514 1075 1575 eidem
1107 1527 1223 1574 statuta
1257 1527 1412 1597 perpetuo
1438 1515 1537 1596 possi-

277 1620 381 1682 denda
414 1635 444 1682 et
467 1620 640 1703 superinde
665 1620 756 1682 litera
790 1633 897 1682 nostra
921 1620 1132 1702 privilegialis
1164 1620 1224 1680 sub
1257 1619 1409 1702 pendenti
1435 1619 1542 1700 sigillo

277 1739 323 1788 est
346 1726 406 1788 sibi
432 1741 590 1788 emanata.

381 1833 459 1895 ltem
485 1832 647 1896 Seboldus
672 1832 782 1917 Mayar
806 1832 981 1913 quemdam
1001 1831 1153 1913 (h)ortum
1178 1852 1272 1895 suum
1296 1833 1439 1912 totalem,
1464 1853 1536 1896 cum

277 1939 415 2020 quadam
442 1939 570 2000 vineola
595 1953 625 2001 et
643 1957 715 1999 cum
733 1939 874 2019 quodam
899 1938 1026 2000 stabulo
1050 1957 1108 1999 suo
1127 1958 1211 2000 novo
1236 1957 1368 2000 aecum
1393 1940 1532 2020 quadam

275 2045 372 2106 domo
398 2065 495 2127 penes
519 2045 623 2127 ipsum
650 2063 770 2106 novum
795 2043 853 2106 sita
878 2045 910 2105 in
943 2045 1058 2106 eodem
1084 2043 1205 2128 (h)orto
1222 2064 1281 2106 suo
1306 2045 1432 2124 habitis,
1457 2047 1538 2108 inter

276 2151 374 2212 alium
398 2151 552 2233 (h)ortum
577 2171 671 2212 suum
696 2171 713 2212 a
738 2164 827 2234 parte
857 2151 1110 2233 septemtrionali
1144 2171 1179 2212 ac
1204 2151 1286 2213 inter
1310 2152 1472 2232 quendam
1496 2151 1536 2213 ri·

275 2257 386 2318 vulum
411 2258 510 2338 vulgo
535 2255 708 2339 Zazydnak
733 2270 883 2318 vocatum
908 2269 994 2318 tetro
1028 2275 1156 2318 murum
1182 2257 1318 2319 civitatis
1344 2257 1485 2338 predicte
1510 2271 1540 2320 et

274 2362 313 2422 ad
338 2381 488 2444 campum
514 2362 658 2423 eiusdem
683 2361 820 2424 civitatis
838 2362 1062 2423 decurrentem
1085 2376 1208 2444 aparte
1234 2363 1381 2424 orientali
1401 2364 1537 2424 existen·

273 2481 352 2545 tem,
376 2488 412 2530 ac
436 2488 528 2530 secus
558 2469 642 2530 viam
675 2485 884 2530 communem
917 2487 933 2528 a
966 2483 1054 2549 parte
1087 2467 1289 2529 meridionali
1322 2468 1485 2549 situatum,
1510 2482 1541 2530 et

275 2574 357 2635 inter
382 2573 538 2654 (h)ortum
564 2572 696 2654 Georgii
722 2573 863 2654 agricole
895 2573 971 2634 dicti
997 2574 1087 2636 Jurse
1119 2587 1249 2655 aparta
1275 2573 1479 2654 occidentali,
1504 2593 1539 2635 ac

274 2681 354 2741 inter
378 2681 505 2742 vineam
532 2679 690 2741 Anthonii
715 2681 850 2740 senioris
883 2679 976 2761 jurati
1002 2678 1058 2741 filii
1084 2680 1213 2742 Thome
1246 2695 1376 2762 aparte
1400 2693 1536 2762 septem-

272 2786 401 2848 trionali
426 2785 587 2848 mediante
612 2785 752 2867 quadam
779 2799 862 2848 meta
892 2786 1024 2866 antiqua
1057 2786 1210 2863 habitam,
1235 2785 1363 2848 Thome
1388 2785 1455 2848 filio
1480 2787 1532 2848 Jo-

273 2891 386 2953 hannis
409 2911 530 2974 genero
555 2891 693 2953 condam
720 2891 817 2953 Blasii
842 2891 957 2972 judicis
973 2891 1097 2953 concivi
1115 2904 1224 2953 nostro
1249 2911 1284 2954 ac
1302 2911 1358 2974 per
1382 2893 1538 2954 eumenis

271 2996 446 3060 heredibus
470 3017 528 3080 pro
553 2997 766 3078 quadraginta
791 2999 935 3079 quinque
960 2997 1028 3060 flor.
1053 2999 1122 3059 auri
1147 2997 1293 3060 vendidit
1317 3012 1348 3060 et
1365 2998 1537 3080 superinde

275 3103 364 3165 litera
390 3117 496 3166 nostra
521 3104 732 3186 privilegialis
755 3105 815 3165 snb
833 3105 986 3186 pendenti
1010 3105 1118 3184 sigillo
1143 3119 1189 3166 est
1212 3105 1272 3165 sibi
1299 3119 1456 3166 emanata.

381 3210 457 3272 ltem
484 3210 646 3273 lohannes
680 3223 781 3274 sartor
813 3209 899 3272 filius
931 3210 1070 3293 Philippi
1100 3225 1130 3272 et
1162 3211 1345 3274 Demetrius
1377 3209 1461 3272 filius
1486 3211 1538 3272 lo·

274 3316 388 3378 hannis
420 3318 631 3378 commissarii
664 3317 769 3379 ultimi
801 3317 983 3378 testamenti
1016 3317 1154 3378 verbalis
1185 3316 1323 3378 condam
1357 3316 1536 3379 Clementis

274 3422 413 3503 agricole
438 3421 602 3484 Rwhuech
621 3423 697 3484 dicti
721 3421 779 3483 lilii
805 3422 941 3484 condam
972 3421 1104 3504 Georgii
1130 3423 1271 3484 concivis
1295 3423 1406 3502 nostri,
1432 3442 1532 3504 quan·

274 3527 346 3590 dam
372 3543 488 3592 terram
513 3529 666 3590 arabilem
691 3529 787 3590 simul
812 3548 884 3590 cum
909 3527 1000 3590 lenili
1033 3529 1093 3590 sibi
1118 3528 1294 3610 subjacenti
1320 3527 1433 3611 prelati
1459 3528 1532 3590 Cle·

273 3636 389 3697 mentis
414 3634 587 3697 Rwhwech
613 3635 694 3696 inter
726 3649 841 3696 terram
876 3649 982 3697 nostre
1014 3635 1254 3696 communitatis
1286 3649 1316 3696 et
1341 3635 1422 3696 inter
1446 3635 1531 3696 viam

273 3759 479 3802 communem
505 3741 645 3802 habitam
671 3755 701 3802 et
734 3741 933 3825 eristentem,
966 3754 1103 3822 quatuor
1134 3740 1185 3801 vel
1218 3741 1294 3801 citra
1319 3740 1419 3801 dietas
1450 3754 1533 3802 terre

273 3847 403 3908 arabilis
426 3847 458 3907 in
490 3867 524 3909 se
548 3847 777 3924 continentem,
810 3846 939 3908 Thome
971 3847 1062 3908 aliter
1086 3846 1238 3908 Thoman
1270 3846 1356 3907 dicto
1388 3845 1455 3907 filio
1481 3847 1533 3908 Jo-

273 3951 387 4014 hannis
411 3951 450 4013 de
476 3951 631 4015 Pathauia
656 3973 691 4015 ac
709 3973 766 4035 per
790 3972 864 4014 eum
889 3953 955 4014 suis
972 3951 1144 4014 heredibus
1168 3971 1226 4033 pro
1251 3971 1305 4013 sex
1329 3971 1401 4013 cum
1427 3953 1535 4013 medio

271 4057 339 4120 flor.
371 4059 440 4120 auri
472 4059 687 4121 vendiderunt
720 4073 875 4141 perpetuo
906 4058 1134 4140 possidendam
1167 4073 1199 4120 et
1241 4058 1413 4140 superinde
1445 4057 1535 4118 litera

274 4179 379 4225 nostre
404 4165 645 4226 communitatis
668 4166 727 4226 sub
752 4164 904 4246 pendenti
929 4164 1037 4246 sigillo
1061 4177 1108 4226 est
1132 4164 1192 4224 sibi
1217 4177 1375 4226 emanata.

379 4269 456 4331 ltem
482 4269 645 4331 Johannes
678 4269 762 4331 filius
795 4270 932 4332 condam
965 4271 1046 4332 Pero
1081 4270 1174 4352 jurati
1200 4271 1231 4331 in
1264 4290 1320 4334 sua
1346 4283 1376 4332 et
1403 4269 1535 4331 domine

273 4375 473 4456 Margarethe
507 4377 616 4438 mattis
647 4397 702 4437 sue
734 4377 896 4459 personis,
930 4376 1092 4459 quandam
1126 4376 1330 4438 medietatem
1365 4375 1533 4438 cuiusdam

271 4479 378 4542 senilis
403 4481 485 4543 inter
509 4483 605 4544 aliam
639 4483 845 4545 medietatem
877 4483 1021 4545 eiusdem
1050 4481 1156 4545 senilis
1186 4495 1217 4544 et
1241 4483 1322 4544 inter
1346 4482 1533 4564 porcionem

271 4585 446 4648 liberorum
471 4608 527 4650 seu
552 4607 771 4650 successorum
795 4589 933 4651 condam
963 4589 1059 4651 blasii
1076 4587 1201 4670 judicis,
1227 4602 1356 4670 aparte
1381 4587 1534 4650 meridio-

269 4693 334 4755 nali
358 4713 415 4755 seu
439 4714 456 4755 a
481 4709 569 4776 parte
594 4696 689 4757 unius
714 4696 764 4756 vie
785 4695 966 4757 communis
990 4698 1029 4757 ab
1062 4695 1174 4757 eadem
1208 4694 1412 4756 meridionali
1440 4707 1529 4785 parte

275 4797 381 4860 habite
404 4800 509 4878 sitam,
533 4821 569 4862 ac
594 4801 675 4862 inter
706 4815 803 4862 terras
835 4821 892 4862 seu
924 4802 955 4862 in
988 4801 1151 4862 vicinitate
1182 4813 1337 4861 terrarum
1363 4799 1531 4860 arabilium

271 4903 446 4966 liberorum
471 4926 526 4967 seu
551 4927 769 4968 successorum
787 4906 925 4969 condam
944 4908 1077 4988 Agnetis
1102 4906 1246 4967 mulieris
1264 4904 1398 4988 Chayka
1422 4919 1533 4966 vocate

273 5029 288 5070 a
314 5024 402 5092 parte
427 5012 575 5074 orientali
601 5031 636 5074 ac
662 5013 743 5074 inter
766 5014 852 5074 viam
885 5032 1092 5075 communem
1124 5033 1142 5075 a
1166 5012 1420 5094 septemtrionali
1445 5026 1534 5093 parte
