3816 5802
506 735 584 798 Item
609 734 765 797 medietas
789 733 955 796 cuiusdam
980 733 1073 796 vinee
1091 733 1323 796 condicionalis
1353 735 1385 796 in
1410 736 1572 799 territorio
1589 737 1662 799 civi·

400 843 474 906 tatis
498 843 581 904 inter
605 841 732 904 vineam
757 840 891 921 Agnetis
908 840 1015 902 relicte
1040 839 1178 902 condam
1198 841 1326 924 Mathye
1345 839 1512 921 carnificis,
1537 855 1569 904 et
1584 842 1664 905 libe·

400 968 509 1011 rorum
534 948 673 1010 condam
698 947 795 1008 Blasii
813 947 954 1027 agricole
979 946 1131 1009 Seberlen
1150 947 1238 1026 dicti,
1262 967 1280 1009 a
1304 947 1496 1028 meridione,
1521 963 1553 1010 et
1576 968 1665 1011 secus

400 1055 563 1139 quandam
588 1056 675 1116 viam
693 1053 873 1116 currualem
890 1053 1126 1116 circumvicinis
1149 1071 1368 1134 communem,
1385 1073 1402 1115 a
1423 1055 1663 1137 septemtrione,

400 1163 537 1246 desuper
560 1183 577 1224 a
602 1161 742 1244 quadam
767 1161 817 1222 via
842 1160 1142 1238 circumvicinali,a
1167 1173 1256 1242 parte
1275 1159 1462 1240 occidentis,
1489 1161 1522 1222 in
1546 1163 1665 1223 vertice

402 1289 459 1333 seu
483 1269 667 1332 summitate
683 1267 803 1330 montis
827 1268 896 1348 sita,
921 1280 953 1329 et
983 1265 1065 1328 infra
1097 1286 1198 1347 usque
1231 1265 1270 1328 ad
1303 1280 1422 1329 metam
1456 1269 1516 1328 sub
1548 1267 1667 1329 vitibus

400 1375 544 1438 eiusdem
571 1376 665 1438 vinee
689 1393 788 1456 penes
810 1374 895 1435 viam
924 1373 1087 1456 publicam
1120 1393 1137 1434 a
1162 1387 1251 1456 parte
1283 1373 1416 1436 orientis
1439 1375 1531 1435 sitam
1556 1393 1590 1436 se
1615 1393 1666 1436 ex·

398 1481 569 1562 tendentis,
594 1480 749 1544 medietas
774 1480 875 1563 ipsius
897 1479 991 1542 vinee
1016 1499 1033 1541 a
1058 1479 1142 1542 dicta
1166 1479 1423 1562 septemtrionali
1440 1494 1529 1562 parte
1554 1481 1614 1542 sita
1632 1493 1663 1541 et

400 1588 561 1671 adjacens,
585 1607 658 1650 cum
682 1587 748 1648 suis
770 1585 977 1670 pertinenciis
1007 1585 1166 1668 Gregorio
1198 1600 1229 1647 et
1254 1585 1355 1648 Paulo
1379 1605 1416 1648 ac
1444 1585 1610 1668 Stephano
1635 1599 1665 1647 et

401 1693 552 1759 Michaeli
577 1693 661 1774 filiis,
686 1713 745 1756 nec
772 1713 836 1755 non
870 1693 990 1773 Agicze
1021 1693 1130 1754 relicte
1163 1693 1298 1775 predicti
1331 1692 1468 1754 condam
1495 1691 1665 1770 Anthonii,

400 1817 567 1885 tamquam
599 1800 771 1864 heredibus
802 1799 902 1884 ipsius
941 1815 988 1862 est
1018 1813 1133 1862 statuta
1165 1812 1321 1883 perpetuo
1353 1799 1568 1882 possidenda;
1599 1799 1662 1860 alia

401 1922 508 1970 autem
526 1907 681 1970 medietas
705 1905 849 1969 eiusdem
873 1906 967 1968 vinee
991 1926 1008 1967 a
1032 1906 1116 1968 dicta
1140 1905 1344 1968 meridionali
1361 1918 1451 1988 parte
1468 1905 1527 1967 sita
1552 1919 1583 1967 et
1606 1905 1662 1966 ad-

400 2013 519 2096 jacens,
542 2014 601 2075 sub
626 2013 719 2075 metis
743 2013 776 2074 in
800 2011 892 2074 litera
908 2011 1106 2096 expressatis,
1131 2031 1203 2072 cum
1222 2011 1287 2072 suis
1304 2011 1496 2074 utilitatibus
1519 2025 1551 2073 et
1567 2011 1663 2093 perti-

400 2119 522 2182 nenciis
545 2119 702 2180 universis
727 2119 867 2180 Martino
892 2119 1003 2180 Zubalc
1024 2116 1092 2180 filio
1110 2118 1219 2179 Jacobi
1245 2137 1302 2200 per
1318 2117 1544 2180 vendicionem
1563 2118 1665 2179 Elene

400 2227 510 2289 relicte
535 2225 664 2310 Matbye
697 2224 803 2287 eidem
828 2224 966 2286 Martino
1007 2223 1134 2304 factam,
1166 2239 1214 2286 est
1244 2237 1358 2288 statuta
1382 2239 1539 2307 perpetuo
1564 2225 1664 2306 possi·

399 2334 504 2395 denda
530 2333 582 2412 ita,
607 2333 695 2414 quod
720 2333 787 2414 ipse
813 2330 989 2413 Gregorius
1005 2350 1079 2393 cum
1104 2329 1254 2393 fratribus
1271 2344 1301 2393 et
1325 2345 1424 2392 matre
1442 2330 1507 2392 suis
1531 2330 1571 2392 de
1589 2350 1659 2413 pre-

400 2441 484 2502 dicta
519 2459 630 2501 eorum
662 2438 834 2500 medietate
865 2437 984 2498 vineali
1028 2436 1185 2498 florenum
1220 2421 1382 2515 medium,
1415 2436 1482 2518 ipse
1526 2456 1658 2518 quoque

400 2545 556 2608 Martinus
580 2545 690 2606 Zubak
715 2543 755 2610 de
778 2563 835 2604 sua
859 2543 1031 2605 medietate
1055 2543 1173 2604 vineali
1198 2542 1346 2604 similiter
1362 2542 1507 2604 medium
1533 2542 1602 2606 flor.
1620 2543 1660 2604 ad

399 2652 587 2714 comitatum
613 2664 758 2713 nostrum
783 2664 856 2710 ante
881 2649 1174 2711 vindemiationem
1195 2667 1329 2710 uvarum
1354 2649 1480 2710 solvere
1505 2651 1664 2710 tenebun-

401 2771 452 2819 tur
475 2771 506 2818 et
529 2756 701 2840 superinde
725 2767 772 2818 est
795 2755 886 2816 litera
908 2756 967 2818 sub
983 2755 1135 2838 pendenti
1154 2755 1261 2836 sigillo
1278 2755 1520 2817 communitatis
1537 2756 1665 2838 utrique

400 2863 483 2947 parti
508 2875 664 2926 emanata.

506 2969 584 3032 Item
608 2967 747 3031 Michael
772 2967 902 3030 sellator
919 2966 1003 3029 filius
1031 2966 1122 3028 Pauli
1139 2967 1299 3029 sellatoris
1322 2967 1456 3028 totalem
1481 2986 1571 3028 suam
1591 2985 1665 3049 por·

400 3076 528 3138 cionem
552 3075 659 3158 (h)orti
685 3089 715 3136 et
749 3072 839 3136 fundi
873 3073 976 3135 civilis
1000 3074 1031 3134 in
1063 3074 1225 3135 territorio
1258 3074 1393 3136 civitatis
1425 3074 1508 3134 inter
1531 3073 1667 3155 (h)ortos

401 3182 577 3243 liberorum
601 3180 764 3242 Valentini
782 3179 944 3262 arcuparis
960 3193 991 3241 et
1009 3177 1158 3260 Gregorii
1176 3180 1308 3242 cultoris
1324 3178 1382 3241 filii
1408 3179 1494 3242 Petri
1512 3179 1666 3257 habitam,

401 3288 538 3369 desuper
562 3307 580 3348 a
604 3286 655 3347 via
689 3285 853 3347 communi
886 3299 917 3346 et
952 3282 1034 3346 infra
1066 3305 1168 3367 usque
1199 3285 1333 3347 fluvium
1358 3305 1392 3346 se
1424 3285 1666 3364 extendentem,

401 3413 498 3456 unam
524 3408 670 3454 octavam
705 3393 735 3453 in
761 3411 794 3454 sc
825 3392 1057 3472 continentem,
1087 3413 1160 3454 cum
1189 3393 1254 3454 suis
1285 3392 1491 3474 pertinenciis
1524 3391 1663 3452 discreto

402 3501 471 3562 viro
496 3500 630 3562 domino
655 3499 817 3562 Clementi
849 3499 1025 3581 presbitero
1058 3497 1125 3560 filio
1155 3498 1311 3562 Anthonii
1346 3498 1386 3560 de
1412 3499 1559 3581 Rakarya
1598 3517 1666 3559 tna·

400 3607 501 3689 gistro
525 3605 692 3690 hospitalis
716 3607 815 3668 nostri
832 3606 1014 3667 communis
1043 3625 1106 3688 pro
1129 3607 1231 3668 tribus
1251 3605 1320 3667 flor.
1338 3606 1406 3666 auri
1432 3605 1579 3666 vendidit
1594 3624 1664 3687 per-

401 3727 500 3796 petuo
523 3713 753 3795 possidendam
778 3725 809 3774 et
832 3711 1003 3795 superinde
1022 3727 1068 3774 est
1088 3713 1179 3774 litera
1196 3713 1256 3774 sub
1272 3711 1427 3794 pendenti
1451 3711 1560 3793 sigillo
1577 3730 1665 3773 com·

400 3820 564 3882 munitatis
589 3833 746 3882 emanata.

504 3925 581 3988 ltem
607 3925 762 3988 medietas
786 3925 953 3986 cuiusdam
978 3924 1070 3986 fundi
1086 3923 1244 3986 hedificiis
1268 3924 1430 4004 decorata,
1454 3944 1472 3986 a
1496 3939 1585 4007 parte
1602 3944 1659 3986 an·

399 4033 506 4094 teriori
538 4051 594 4093 seu
626 4051 642 4092 a
675 4031 725 4092 via
757 4051 813 4092 seu
844 4031 949 4113 platea
982 4032 1146 4092 communi
1187 4029 1313 4110 habita,
1346 4031 1379 4092 in
1411 4030 1495 4092 dicta
1532 4031 1662 4092 civitate

398 4135 480 4199 inter
504 4137 619 4198 domos
644 4136 812 4197 Laurencii
831 4136 961 4198 cultoris
978 4150 1009 4198 et
1026 4136 1154 4198 Thome
1172 4137 1408 4219 campanatoris
1426 4136 1544 4214 habita,
1563 4157 1660 4199 unam

399 4257 545 4324 quartam
572 4242 658 4304 curie
683 4243 715 4302 in
739 4261 773 4303 se
797 4243 977 4321 continens,
1009 4261 1106 4323 quam
1133 4243 1229 4326 Elyas
1254 4242 1376 4305 Judeus
1399 4240 1485 4305 filius
1510 4243 1663 4326 Symonis

400 4348 547 4410 Emerico
573 4348 658 4410 dicto
684 4347 819 4410 Skertha
852 4346 919 4409 filio
944 4347 1069 4410 Crisani
1101 4368 1160 4430 pro
1192 4350 1294 4410 tribus
1320 4349 1389 4412 flor.
1422 4349 1569 4410 vendidit
1593 4369 1664 4432 per-

398 4467 495 4535 petuo
520 4453 758 4534 possidendam,
773 4453 878 4514 eidem
897 4454 1045 4516 Emerico
1070 4455 1171 4517 sutori
1188 4469 1235 4516 est
1251 4469 1368 4518 statuta
1387 4469 1546 4538 perpetuo
1564 4455 1664 4536 possi-

399 4559 503 4620 denda
527 4573 557 4622 et
581 4559 736 4642 supeinde
754 4572 801 4621 est
825 4560 917 4622 litera
941 4561 999 4622 sub
1016 4560 1169 4643 pendenti
1194 4561 1302 4642 sigillo
1319 4561 1562 4623 communitatis
1578 4581 1665 4623 ema·

398 4679 488 4742 nata;
513 4665 574 4726 alia
598 4679 704 4727 autem
731 4667 884 4728 medietas
909 4666 1052 4729 eiusdem
1077 4666 1180 4747 fundi,
1202 4683 1325 4750 aparte
1349 4668 1535 4750 posteriori,
1552 4688 1665 4746 vacua,

398 4789 494 4831 unam
519 4784 662 4852 quartam
688 4772 773 4832 curie
799 4773 830 4832 in
855 4793 888 4834 se
913 4774 1092 4853 continens,
1117 4776 1270 4837 remansit
1294 4775 1404 4836 liberis
1430 4775 1576 4837 Barnabe
1594 4773 1664 4856 jure

398 4875 473 4955 ipsis
496 4875 693 4938 incumbenti
718 4892 874 4960 perpetuo
899 4879 1105 4960 possidenda.

503 4979 580 5042 ltem
606 4983 703 5044 Lucia
728 4984 837 5046 relicta
862 4985 999 5047 condam
1018 4986 1115 5048 Blasii
1144 4988 1273 5049 sartoris
1297 4988 1452 5072 primum,
1477 5003 1508 5051 et
1530 4988 1664 5051 tandem
