3832 5804
768 579 856 635 Anno
878 589 969 654 1453.
1442 597 1502 662 147

343 785 421 846 Item
457 787 648 849 Benedictus
679 784 764 847 lilius
797 784 929 867 Georgii
974 788 1014 849 de
1050 788 1303 873 Symowchyncz
1336 790 1500 852 cuiusdam

238 891 355 953 domus
372 907 402 953 et
419 891 511 954 fundi
530 907 561 955 et
578 893 686 954 celarii
704 893 903 954 subterranei
921 913 957 954 ac
978 894 1202 956 hedificiorum
1219 897 1351 958 terciam
1368 911 1503 979 partem,

239 1017 335 1060 unam
360 998 510 1061 videlicet
541 1013 687 1081 quartam
720 1013 752 1062 et
782 999 912 1061 terciam
939 1015 1062 1082 partem
1094 1001 1190 1064 unius
1222 1017 1332 1084 quarte
1358 1003 1443 1064 curie
1469 1002 1502 1064 in

237 1124 270 1166 se
294 1105 524 1184 continentem,
556 1126 630 1167 curn
663 1105 728 1166 suis
761 1106 952 1168 utilitatibus
984 1123 1015 1169 et
1046 1107 1252 1190 pertinenciis
1285 1107 1442 1171 universis
1466 1109 1500 1169 in

238 1212 336 1274 domo
362 1214 460 1274 Marci
493 1213 719 1296 Zydowchych
752 1212 913 1292 habitam,
938 1234 1011 1276 cum
1040 1234 1197 1278 consensu
1231 1215 1376 1277 eiusdem
1401 1215 1501 1278 Marci

237 1315 294 1379 filii
320 1318 409 1380 Pauli
435 1319 661 1404 Zydowchych
686 1334 717 1382 et
740 1320 879 1381 aliorum
904 1321 1084 1383 vicinorum
1112 1341 1244 1384 suorum
1269 1321 1417 1385 vendidit
1440 1322 1502 1382 Va·

237 1423 361 1486 lentino
385 1424 484 1504 judici
509 1440 665 1507 perpetuo
691 1426 919 1509 possidendam
944 1447 1002 1509 pro
1026 1429 1180 1490 tredecim
1205 1428 1276 1490 flor.
1301 1428 1369 1490 auri
1395 1443 1426 1489 et
1450 1449 1501 1489 su·

237 1531 369 1613 perinde
395 1546 442 1594 est
465 1533 525 1594 sibi
550 1533 641 1594 litera
665 1535 724 1595 sub
749 1533 902 1615 pendenti
935 1534 1044 1615 sigillo
1077 1536 1318 1598 communitatis
1343 1550 1500 1598 emanata.

346 1657 423 1718 ltem
438 1657 622 1719 Anthonius
639 1657 789 1736 carnifex,
805 1658 956 1738 decanus,
973 1657 1059 1720 filius
1076 1661 1213 1721 condam
1228 1659 1383 1722 Johannis
1400 1660 1503 1721 dictus

239 1762 470 1844 Kerzowaych,
497 1763 659 1844 quandam
678 1777 794 1826 terram
819 1784 908 1825 suam
926 1765 1080 1826 arabilem
1107 1765 1367 1848 Tratynschycza
1384 1763 1502 1827 dictam

238 1870 270 1930 in
296 1888 411 1951 campo
437 1870 572 1931 civitatis
597 1870 737 1952 predicte
760 1871 841 1932 inter
866 1871 945 1933 duas
962 1873 1029 1933 vias
1053 1893 1186 1955 magnas
1209 1887 1240 1934 et
1264 1891 1453 1934 communes
1465 1893 1501 1935 ac

238 1976 319 2038 inter
336 1977 414 2037 alias
431 1991 529 2038 terras
553 1974 686 2060 Mathye
704 1977 796 2058 jurati
822 1975 925 2040 fratris
941 1978 1001 2057 sui,
1019 1979 1124 2040 eidem
1143 1979 1272 2062 Mathye
1289 1980 1392 2061 jurato
1411 1978 1498 2041 fratri

238 2102 296 2143 suo
320 2081 437 2162 juniori
463 2085 493 2144 in
520 2084 746 2145 concambium
775 2084 939 2166 porcionis
971 2084 1088 2146 domus
1112 2105 1167 2146 sue
1199 2086 1319 2167 legavit
1343 2099 1501 2168 perpetuo

239 2188 466 2270 possidendam
493 2204 523 2250 et
551 2189 723 2272 superinde
748 2190 807 2251 sibi
834 2205 880 2251 est
904 2191 994 2252 litera
1023 2192 1082 2254 sub
1107 2191 1259 2274 pendenti
1283 2192 1390 2274 sigillo
1414 2212 1501 2254 com·

240 2295 403 2356 munitatis
427 2309 586 2358 emanata.

345 2418 422 2480 ltem
448 2419 580 2480 domina
607 2419 704 2480 Lucia
730 2420 839 2481 relicta
864 2421 1001 2483 condam
1021 2421 1187 2484 Michaelis
1211 2419 1389 2504 freniparis,
1416 2443 1501 2486 nunc

239 2543 370 2587 consors
394 2523 543 2607 Gregorii
570 2525 738 2608 freniparis
772 2524 830 2588 filii
865 2528 1004 2590 Ladislai
1038 2529 1262 2612 Kasynowych
1288 2529 1326 2590 de
1361 2529 1499 2609 Bradno,

240 2633 373 2694 totalem
400 2633 530 2694 terciam
557 2647 679 2714 partem
705 2633 822 2696 domus
854 2648 885 2696 et
916 2634 1008 2696 fundi
1040 2655 1076 2696 ac
1101 2636 1207 2696 celarii
1239 2636 1437 2699 subterranei
1470 2652 1501 2698 et

239 2736 461 2800 hedificiorum
486 2753 516 2799 et
540 2740 633 2800 vinee
657 2753 688 2800 et
711 2739 791 2802 silve
816 2761 873 2801 nec
899 2760 964 2802 non
983 2740 1092 2824 (h)orti
1118 2755 1148 2801 et
1165 2755 1247 2803 terre
1272 2743 1402 2804 arabilis
1429 2763 1500 2825 pre·

239 2843 314 2905 dicti
340 2845 476 2906 condam
504 2844 671 2906 Michaelis
703 2843 871 2928 freniparis
904 2846 998 2928 primi
1024 2847 1084 2908 viri
1116 2847 1175 2924 sui,
1201 2847 1231 2907 in
1265 2847 1348 2909 dicta
1373 2847 1500 2911 civitate

239 2965 271 3010 et
294 2949 363 3012 eius
386 2951 547 3012 territorio
571 2951 679 3012 habite
698 2965 728 3012 et
752 2951 926 3031 existentis,
944 2953 1132 3034 porcionem
1146 2953 1297 3014 videlicet
1320 2973 1422 3035 suam,
1439 2955 1499 3016 sibi

239 3077 294 3140 per
326 3057 467 3118 eundem
500 3057 691 3119 Michaelem
724 3056 916 3141 freniparem
954 3059 1215 3120 testamentaliter
1246 3059 1396 3141 legatam,
1428 3081 1501 3124 cum

239 3164 390 3224 omnibus
413 3164 477 3225 suis
502 3164 691 3225 utilitatibus
716 3179 747 3226 et
770 3166 975 3247 pertinenciis
999 3167 1155 3228 universis
1190 3163 1312 3248 prefato
1338 3165 1498 3250 Gregorio

238 3267 390 3351 frenipari
414 3271 571 3331 moderno
596 3271 665 3333 viro
682 3291 740 3332 suo
765 3272 923 3350 legittimo
941 3273 1073 3335 donavit
1089 3289 1244 3356 perpetuo
1269 3276 1497 3356 possidendam

240 3391 270 3437 et
296 3376 467 3458 superinde
485 3377 544 3438 sibi
568 3377 658 3438 litere
683 3378 899 3460 privilegiales
926 3381 985 3440 sub
1011 3379 1163 3462 pendenti
1188 3379 1296 3462 sigillo
1321 3384 1500 3444 communi·

238 3481 313 3543 tatis
336 3497 410 3543 sunt
434 3499 591 3545 emanata.

344 3605 421 3667 ltem
447 3607 592 3668 Andreas
616 3607 756 3688 agricola
789 3608 892 3670 dictus
917 3609 1052 3691 Repesa,
1077 3609 1239 3690 quandam
1273 3624 1394 3692 partem
1428 3633 1497 3675 mo·

239 3711 344 3772 dicam
370 3713 536 3774 cuiusdam
561 3729 644 3775 terre
672 3735 728 3775 seu
761 3711 871 3796 (h)orti
905 3716 1055 3776 montalis
1088 3717 1119 3776 in
1150 3717 1313 3778 vicinitate
1338 3733 1419 3779 terre
1443 3740 1499 3782 seu

239 3819 345 3900 (h)orti
371 3820 517 3880 similiter
540 3821 690 3882 montalis
709 3821 831 3882 domini
851 3821 984 3882 Seboldi
1004 3823 1114 3903 Mayar
1132 3823 1289 3904 capitanei
1314 3825 1412 3885 nostri
1431 3845 1499 3887 mo·

239 3924 341 4002 derni,
367 3925 472 3986 eidem
498 3927 633 3987 domino
659 3927 804 3988 Seboldo
822 3927 1001 4008 capitaneo,
1026 3949 1085 3990 suo
1111 3931 1227 4008 vicin0,
1253 3950 1310 4012 pro
1335 3933 1499 4013 sexaginta

239 4031 377 4093 denariis
402 4032 548 4094 vendidit
569 4047 725 4115 perpetuo
756 4035 984 4116 possidendam
1010 4051 1040 4096 et
1058 4037 1230 4118 superinde
1256 4053 1301 4098 est
1324 4038 1386 4099 sibi
1409 4039 1500 4102 litera

237 4139 296 4199 sub
322 4138 474 4219 pendenti
499 4139 606 4219 sigillo
631 4141 870 4202 communitatis
896 4156 1051 4205 emanata.

345 4263 422 4324 ltem
456 4264 595 4344 quedam
628 4265 722 4326 vinea
754 4285 827 4326 cum
859 4267 998 4346 virgulto
1029 4267 1089 4328 sibi
1122 4270 1180 4328 sub
1213 4281 1244 4329 et
1268 4267 1436 4348 adjacenti,
1467 4269 1500 4332 in

238 4369 400 4431 territorio
425 4370 561 4430 civitatis
585 4370 666 4432 inter
683 4371 794 4432 silvam
816 4372 910 4432 Blasii
932 4372 1046 4452 judicis
1063 4371 1121 4434 filii
1140 4374 1228 4434 Pauli
1254 4394 1289 4434 ac
1315 4374 1397 4435 inter
1415 4374 1500 4436 viam

239 4495 444 4537 communem
476 4477 601 4556 habita,
627 4477 738 4559 Belyal
769 4493 891 4556 vocata,
922 4499 995 4539 cum
1027 4479 1091 4539 suis
1124 4479 1314 4540 utilitatibus
1348 4494 1378 4541 et
1402 4481 1499 4562 perti·

239 4582 362 4643 nenciis
386 4581 554 4661 universis,
578 4585 637 4644 sub
662 4603 759 4644 censu
784 4585 878 4644 trium
905 4585 1098 4646 cubulorunt
1131 4585 1196 4646 vini
1222 4586 1296 4646 novi
1322 4605 1378 4647 seu
1405 4587 1500 4648 musti

240 4687 372 4750 ecclesie
397 4689 480 4749 beati
515 4689 613 4750 Marci
650 4690 854 4770 ewangeliste
891 4711 926 4751 ac
960 4691 1100 4772 plebano
1135 4691 1235 4774 ipsius
1266 4711 1323 4773 pro
1355 4707 1501 4774 tempore

240 4795 414 4857 constituto
439 4795 469 4855 in
496 4795 753 4856 vindemiacione
783 4816 915 4857 uvarum
934 4797 1099 4858 annuatim
1117 4817 1244 4878 semper
1268 4798 1501 4878 proveniendo,

241 4900 404 4963 Demetrio
429 4901 532 4984 jurato
569 4901 636 4963 filio
663 4901 817 4964 lohannis
841 4919 887 4965 est
919 4904 1091 4966 literatorie
1124 4906 1183 4965 sub
1217 4904 1369 4985 pendenti
1394 4906 1501 4986 sigillo

241 5009 479 5070 communitatis
511 5023 667 5070 emanata.

1397 5134 1413 5172 a
