3854 5798
810 515 897 572 Anno
918 513 1012 593 1466.
1482 535 1544 597 257

280 739 390 788 nostro
414 745 450 789 ac
483 746 539 809 per
571 746 644 788 eum
679 727 778 808 ipsius
809 726 982 788 heredibus
1014 747 1072 808 pro
1099 727 1228 808 triginta
1261 741 1335 790 octo
1366 729 1436 792 flor.
1473 729 1542 791 auri

279 833 497 895 vendidissent
520 833 590 914 jure
614 848 770 915 perpetuo
796 845 854 895 etc.
880 833 996 894 Datum
1024 833 1054 893 in
1073 833 1183 914 vigilia
1207 831 1278 895 festi
1304 833 1544 898 Purificacionis

278 941 411 1022 virginis
432 939 573 1022 gloriose
591 959 677 1002 anno
694 939 870 1002 millesimo
891 939 1210 1021 quadringentesimo
1227 941 1428 1021 sexagesimo
1445 955 1544 1005 sexto.

384 1046 482 1121 Quod
506 1045 641 1129 provida
665 1046 783 1108 mulier
813 1045 989 1130 Elyzabeth
1023 1057 1135 1108 vocata
1160 1046 1270 1108 relicta
1303 1047 1438 1109 condam
1466 1047 1539 1110 Cle·

279 1153 394 1214 mentis
407 1153 524 1214 sutoris
537 1151 695 1235 Fwdrych
713 1152 788 1214 dicti
802 1150 867 1213 filia
886 1151 1022 1213 condam
1038 1153 1121 1213 Petri
1138 1151 1291 1234 lutifiguli
1306 1151 1364 1214 filii
1382 1153 1543 1238 Gywrgek

278 1257 420 1341 Werych
439 1258 533 1337 dicti,
551 1259 629 1321 olim
648 1258 830 1320 concivium
849 1271 1043 1336 nostrorum,
1062 1257 1223 1340 quandam
1249 1258 1374 1321 literam
1398 1274 1539 1321 nostram

279 1385 374 1447 super
398 1365 537 1446 quadam
571 1364 669 1427 domo
694 1378 725 1426 et
756 1363 858 1426 fundo
883 1384 918 1425 ac
951 1362 1107 1425 hedificiis
1138 1363 1252 1446 prefati
1284 1366 1422 1428 condam
1454 1366 1539 1428 Petri

278 1472 375 1554 patris
388 1472 448 1550 sui,
476 1472 507 1533 in
526 1471 609 1534 dicta
627 1471 754 1533 civitate
771 1491 807 1532 ac
824 1471 906 1532 inter
929 1470 1045 1533 domos
1055 1485 1086 1532 et
1095 1469 1213 1532 fundos
1236 1471 1370 1553 provide
1394 1472 1540 1534 mulieris

282 1577 382 1640 Elena
417 1591 527 1640 vocate
564 1577 762 1662 Pluzlraycza
794 1577 878 1638 dicte
912 1577 1022 1638 relicte
1055 1577 1192 1639 condam
1227 1577 1378 1660 Symonis
1409 1579 1489 1658 coci,
1521 1599 1538 1640 a

279 1699 367 1766 parte
392 1683 552 1762 orientali,
577 1697 608 1745 et
633 1683 715 1745 inter
747 1681 883 1744 fundum
917 1683 1093 1745 liberorum
1127 1683 1265 1745 condam
1291 1683 1375 1744 Petri
1399 1684 1539 1766 agricole

278 1790 316 1850 de
342 1788 421 1852 ultra
446 1790 541 1851 Zawa
567 1789 772 1872 Fraylychyn
797 1789 884 1868 dicti,
909 1789 948 1850 ab
982 1789 1080 1852 altera
1109 1789 1260 1851 videlicet
1283 1791 1323 1850 ab
1348 1789 1539 1852 occidentali

280 1910 380 1978 parte,
405 1917 440 1958 ac
465 1899 505 1958 ab
530 1895 681 1957 anteriori
699 1908 787 1978 parte
803 1895 890 1977 juxta
915 1895 1049 1956 domum
1070 1896 1179 1958 relicte
1204 1895 1344 1959 condam
1370 1896 1543 1958 Stanlronis

279 2001 358 2065 labri
391 2004 600 2081 existentem,
632 2021 730 2063 unam
762 2017 908 2084 quartam
942 2002 1027 2063 curie
1061 2003 1093 2062 in
1119 2023 1151 2063 se
1184 2003 1414 2081 continentem,
1439 2003 1542 2084 ipsam

279 2124 350 2191 post
375 2109 500 2171 obitum
526 2107 640 2192 prelati
665 2107 803 2169 condam
829 2107 912 2169 Petri
944 2105 1095 2189 lutifiguli
1129 2109 1299 2190 patrissui
1325 2108 1393 2189 jure
1417 2127 1539 2169 succes·

277 2215 362 2276 sorio
388 2215 446 2277 rite
470 2227 501 2276 et
527 2213 685 2294 legittime
703 2227 961 2292 concernentem,
978 2233 1052 2274 cum
1077 2214 1228 2275 omnibus
1246 2212 1388 2275 eiusdem
1414 2212 1541 2291 domus,

280 2318 369 2382 fundi
400 2335 431 2382 et
455 2318 678 2381 hedificiorum
704 2319 804 2384 unius,
823 2332 935 2401 quarte
960 2319 1046 2380 curie
1065 2303 1255 2381 utilitatibus
1279 2319 1400 2402 prelate
1425 2318 1539 2403 Elyza-

280 2427 354 2488 beth
390 2427 554 2508 ipsiusque
579 2424 752 2487 heredibus
777 2446 814 2486 ex
846 2425 1002 2508 premisso
1029 2425 1097 2507 jure
1129 2426 1189 2487 sibi
1216 2427 1413 2488 incumbenti
1438 2425 1539 2486 literis

280 2535 396 2595 nostris
420 2533 512 2595 novis
536 2533 705 2595 statuimus
729 2547 759 2594 et
783 2531 1044 2594 confirmavimus
1076 2533 1144 2615 jure
1169 2547 1323 2616 perpetuo
1348 2547 1407 2596 etc.

385 2639 484 2714 Quod
517 2640 592 2722 quia
625 2639 779 2721 providus
811 2653 842 2701 et
874 2639 1028 2701 honestus
1060 2639 1107 2700 vir
1140 2641 1264 2702 Blasius
1294 2640 1435 2722 agricola
1459 2638 1544 2701 filius

279 2747 416 2810 condam
441 2747 566 2809 Nicolai
594 2747 693 2808 Perak
710 2745 786 2807 dicti
811 2745 971 2808 habitator
999 2747 1150 2809 territorii
1171 2747 1253 2809 dicte
1279 2747 1424 2826 civitatis,
1442 2765 1542 2827 quan·

281 2853 355 2915 dam
379 2866 495 2914 terram
513 2872 603 2913 suam
621 2852 774 2914 arabilem
794 2852 826 2913 in
843 2852 1004 2914 territorio
1022 2853 1106 2914 dicte
1132 2853 1268 2915 civitatis
1292 2853 1445 2931 habitam,
1463 2852 1543 2914 duas

280 2978 351 3020 cum
377 2958 483 3020 media
508 2958 610 3019 dietas
632 2971 715 3020 terre
739 2958 869 3020 arabilis
893 2959 925 3019 in
958 2979 992 3022 se
1017 2959 1247 3039 continentem,
1280 2960 1330 3021 cui
1362 2972 1445 3021 terre
1470 2977 1537 3020 ara·

280 3065 336 3127 bili
362 3085 380 3126 a
413 3066 556 3147 partibus
587 3064 841 3146 septemtrionali
874 3085 910 3126 ac
939 3065 1129 3127 occidentali
1163 3067 1213 3127 via
1245 3065 1384 3148 publica,
1409 3085 1426 3126 a
1452 3078 1538 3148 parte

280 3185 386 3233 autem
397 3170 601 3232 meridionali
615 3184 697 3232 terra
711 3171 839 3232 arabilis
854 3171 973 3233 Mathia
990 3172 1129 3252 agricole
1142 3172 1272 3255 Mallryn
1286 3172 1373 3251 dicti,
1398 3192 1456 3234 nec
1473 3192 1539 3234 non

280 3292 411 3361 aparte
436 3278 583 3340 orientali
609 3277 760 3339 decursus
791 3296 847 3339 seu
881 3277 998 3340 fluvius
1021 3298 1104 3359 aque
1139 3278 1341 3340 Jelenowecz
1365 3278 1468 3340 dictus
1493 3278 1539 3340 di·

281 3399 395 3446 cuntur
419 3384 563 3462 vicinari,
581 3403 651 3444 cum
678 3385 830 3445 omnibus
848 3384 992 3446 eiusdem
1006 3398 1089 3446 terre
1107 3384 1236 3446 arabilis
1260 3385 1453 3448 utilitatibus
1469 3404 1543 3467 pro-

280 3491 356 3553 vido
380 3492 450 3553 viro
476 3490 650 3552 Benedicto
668 3491 768 3552 sutori
792 3491 910 3553 seniori
929 3491 1033 3573 jurato
1056 3505 1086 3552 et
1103 3492 1227 3553 concivi
1253 3506 1362 3552 nostro
1387 3491 1454 3553 filio
1473 3491 1541 3554 Ste-

279 3597 376 3680 phani
401 3599 441 3659 de
473 3596 621 3679 lwanych
652 3616 687 3657 ac
720 3617 874 3678 pereum
907 3597 1007 3679 ipsius
1038 3596 1210 3658 heredibus
1242 3617 1300 3680 pro
1324 3598 1454 3679 triginta
1479 3619 1541 3660 una

280 3703 386 3784 pensis
418 3703 625 3764 denariorum
658 3703 893 3764 viennensium
926 3723 981 3785 per
1020 3702 1159 3764 eundem
1193 3703 1404 3764 benedictum
1436 3703 1542 3764 eidem

280 3809 386 3871 Blasio
411 3809 506 3892 plene
530 3808 613 3870 datis
636 3807 834 3870 vendidisset
858 3822 916 3871 etc.
941 3807 1010 3889 jure
1034 3822 1191 3890 perpetuo
1217 3823 1275 3870 etc.

385 3915 484 3990 Quod
509 3915 584 3996 quia
609 3914 743 3998 provida
768 3928 799 3977 et
821 3914 954 3977 honesta
979 3915 1095 3976 mulier
1113 3915 1290 3997 Elyzabeth
1316 3927 1427 3975 vocata
1445 3913 1542 3973 Kwsa

278 4023 504 4104 cognominata
529 4021 638 4083 relicta
662 4022 806 4082 virorum
831 4021 969 4083 condam
987 4021 1198 4103 providorum
1216 4021 1357 4103 primum
1383 4019 1540 4081 Johannis

279 4128 419 4210 agricole
445 4127 502 4190 filii
528 4127 682 4210 Stephani
709 4126 748 4189 de
773 4127 947 4190 Wrbowcz
973 4141 1004 4190 et
1026 4127 1158 4190 tandem
1177 4128 1296 4190 Mathis
1321 4126 1401 4188 labri
1426 4125 1540 4188 Carin-

279 4235 369 4313 tiani,
395 4234 474 4296 olim
500 4234 682 4296 concivium
709 4249 903 4313 nostrorum,
928 4253 1013 4296 nunc
1046 4255 1122 4296 vero
1147 4254 1278 4296 consors
1301 4233 1458 4314 legittima
1483 4231 1542 4292 viri

279 4340 407 4421 providi
433 4355 463 4402 et
477 4339 602 4402 honesti
617 4341 702 4402 lwan
716 4341 834 4403 sutoris
852 4340 1074 4403 inhabitatoris
1089 4341 1173 4402 dicte
1191 4339 1326 4402 civitatis
1343 4338 1400 4400 filii
1414 4337 1543 4399 Thome

280 4447 440 4509 districtus
466 4447 505 4508 de
531 4447 694 4528 Dobycza,
719 4447 882 4529 quandam
909 4447 1043 4508 domum
1068 4467 1157 4509 suam
1175 4446 1272 4507 simul
1296 4464 1368 4507 cum
1394 4443 1496 4505 fundo
1514 4457 1544 4505 et

280 4551 438 4614 hedificiis
462 4554 493 4614 in
519 4553 674 4615 suburbio
699 4553 783 4615 dicte
818 4553 954 4615 civitatis
987 4575 1023 4616 ac
1055 4554 1137 4615 inter
1169 4553 1285 4614 domos
1309 4566 1339 4614 et
1364 4549 1482 4611 fundos
1506 4569 1542 4611 ac

279 4658 426 4722 hedificia
453 4661 582 4722 Thome
599 4661 716 4722 sutoris
733 4661 843 4743 generi
868 4661 1005 4723 condam
1024 4660 1202 4723 Clementis
1219 4657 1397 4740 freniparis,
1422 4657 1462 4718 ab
1480 4675 1543 4717 una

278 4782 377 4850 parte,
402 4769 442 4830 ab
466 4767 565 4829 altera
589 4788 665 4830 vero
698 4768 854 4830 Anthonii
888 4767 1028 4848 agricole
1063 4765 1263 4850 Thermsych
1297 4765 1372 4827 dicti
1398 4763 1542 4825 habitam

278 4887 309 4936 et
333 4873 519 4935 existentem
546 4893 645 4956 prope
670 4873 804 4936 fluvium
830 4887 973 4935 nostrum
1000 4873 1161 4950 metalem,
1186 4871 1327 4933 mediam
1355 4869 1477 4931 curiam
1503 4868 1542 4929 ad

278 4999 375 5041 usum
402 4979 484 5042 dicte
509 4981 646 5042 civitatis
671 4980 701 5040 in
727 4999 760 5041 se
794 4980 1025 5058 continentem,
1057 4980 1157 5061 ipsam
1183 4991 1255 5060 post
1279 4978 1403 5039 obitum
1429 4973 1542 5058 prelati

1433 5085 1469 5148 ¹7
