3816 5802
424 1581 552 1684 (Auno
580 1579 737 1669 Domini
763 1577 1023 1668 MGGGCXLV
1051 1580 1090 1666 ot
1117 1575 1422 1679 Mooooxovl.)

292 1921 331 1996 ln
361 1921 502 1996 nomine
531 1918 688 1995 Domini.
718 1917 846 1995 Amen.
879 1917 982 1994 Anno
1011 1915 1224 1993 Natiuitatis
1254 1915 1414 1992 eiusdem
1448 1915 1556 1991 mille-

291 2045 383 2119 simo
422 2043 777 2143 quadringentesimo
807 2043 1085 2142 quadragesimo
1115 2042 1258 2142 quinto,
1287 2041 1377 2116 feria
1402 2041 1558 2116 secunda

291 2167 454 2267 proxima
481 2173 568 2266 post
603 2166 737 2242 festum
765 2166 884 2242 Pasce
912 2164 1067 2256 Domini,
1097 2172 1261 2265 tempore
1285 2164 1465 2262 judicatus
1493 2159 1557 2238 uiri

291 2291 429 2391 providi
458 2301 497 2366 et
529 2291 671 2366 honesti
701 2289 885 2366 Valentini
911 2289 1039 2388 judicis
1086 2289 1246 2364 moderni
1285 2289 1440 2364 civitatis
1479 2312 1556 2388 pre·

292 2414 387 2489 dicte
406 2411 464 2488 lilii
486 2411 678 2508 Michaelis
698 2437 848 2514 presens
866 2415 1053 2489 laternum
1074 2421 1132 2488 est
1160 2412 1293 2488 fartum
1325 2435 1433 2512 super
1461 2413 1555 2512 regi·

292 2539 474 2613 stratione
521 2546 559 2613 et
607 2539 889 2638 consignacione
928 2547 1105 2613 certarum
1143 2537 1325 2613 literarum
1355 2537 1556 2636 privilegia·

291 2661 373 2736 liurn
412 2663 537 2738 ciuium
572 2669 609 2737 et
637 2661 879 2738 habitatorum
909 2662 1064 2738 civitatis
1093 2660 1235 2761 prefate
1263 2659 1355 2736 infra
1396 2663 1556 2738 nomina-

291 2793 421 2878 torum,
459 2809 568 2886 super
603 2787 898 2886 possessionibus
933 2809 1057 2862 eorum
1094 2787 1128 2860 in
1169 2785 1297 2861 eadem
1335 2785 1481 2860 civitate
1520 2793 1558 2862 et

293 2909 369 2984 eius
402 2910 587 2985 territorio
625 2909 776 3002 habitis,
815 2910 1088 3010 privilegialiter
1124 2910 1189 2985 sub
1227 2907 1398 3009 pendenti
1437 2909 1557 3008 sigillo

293 3035 558 3110 communitatis
579 3034 825 3110 confectarum
847 3044 886 3110 et
912 3043 1158 3110 emanatarum
1184 3034 1293 3108 modo
1314 3033 1557 3134 infrascripto.

818 3304 884 3376 (29.
907 3300 1034 3376 martti).

399 3440 476 3503 ltem
509 3440 605 3504 frater
637 3441 829 3504 Benedictus
859 3441 1065 3523 gwardianus
1100 3442 1227 3504 claustri
1261 3443 1360 3504 sancti
1394 3441 1556 3504 Francisci

294 3545 495 3626 confessoris,
520 3548 676 3629 Zagrabie
709 3546 844 3626 fundati,
877 3548 908 3608 in
941 3567 997 3609 sua
1030 3561 1061 3610 et
1085 3548 1187 3610 tocius
1219 3563 1398 3610 conventus
1424 3547 1557 3610 fratrum

293 3654 414 3716 ordinis
431 3670 462 3716 et
478 3654 588 3736 regule
605 3655 704 3736 ipsius
720 3654 819 3716 sancti
839 3653 996 3716 Francisci
1015 3653 1207 3716 confessoris
1224 3655 1255 3715 in
1283 3653 1397 3716 eodem
1416 3654 1555 3717 claustro

292 3761 391 3823 sancti
417 3761 575 3822 Fraucisci
602 3761 664 3822 deo
689 3760 805 3822 devote
838 3759 1082 3838 famolancium,
1111 3762 1226 3822 totales
1259 3761 1374 3822 domos
1399 3775 1463 3822 tam
1489 3781 1557 3822 mu-

293 3881 375 3928 ratas
398 3885 495 3950 quarn
513 3867 636 3948 ligneas
660 3880 691 3928 et
707 3865 825 3927 fundos
842 3865 955 3948 prefati
974 3865 1101 3928 claustri
1119 3867 1218 3929 sancti
1234 3867 1392 3928 Francisci
1420 3883 1450 3928 et
1474 3867 1557 3949 ipso-

293 3992 362 4033 rum
388 3971 520 4034 fratrum
545 3987 723 4034 conuentus
746 3971 919 4054 supradicti
945 3972 1089 4034 eiusdem
1107 3973 1246 4038 claustri.
1270 3973 1366 4034 simul
1392 3993 1464 4036 cum
1489 3993 1557 4036 om-

291 4079 386 4140 nibus
410 4079 608 4140 stationibus
632 4093 663 4139 et
687 4079 806 4140 celario
835 4079 1042 4140 subterraneo
1067 4098 1102 4140 ac
1136 4080 1272 4140 cisterna
1298 4081 1329 4140 in
1355 4080 1477 4142 eisdem
1502 4081 1557 4142 do·

292 4185 398 4246 mibus
422 4201 452 4247 et
476 4182 584 4248 fundis
608 4185 736 4264 habitis,
768 4185 901 4246 muratis
925 4199 955 4246 et
988 4186 1177 4248 constructis
1201 4205 1236 4247 ac
1270 4187 1402 4248 muratis
1426 4187 1456 4248 in
1483 4188 1556 4248 civi-

292 4305 355 4353 tate
379 4291 521 4373 predicta
547 4293 629 4353 inter
646 4291 762 4354 domos
786 4305 816 4354 et
835 4291 953 4354 fundos
977 4291 1154 4354 liberorum
1171 4313 1227 4354 seu
1244 4311 1465 4354 successorum
1484 4313 1557 4354 con-

292 4398 366 4459 dam
390 4399 513 4477 Banlro,
537 4419 554 4460 a
579 4401 819 4481 septemtrione,
844 4420 879 4461 ac
897 4400 1039 4460 virorum
1058 4399 1266 4480 providorum
1291 4415 1321 4462 et
1346 4399 1556 4461 bonestorum

294 4505 472 4566 Sebastiani
498 4505 573 4566 dicti
594 4505 754 4588 Soldynar
778 4519 809 4568 et
826 4505 959 4567 Seboldi
983 4506 1093 4589 Mayar
1110 4507 1341 4586 cognominati,
1366 4507 1406 4567 ab
1424 4506 1558 4584 oriente,

293 4612 383 4672 acin
408 4611 476 4673 acie
501 4611 637 4673 duarum
662 4625 831 4674 stratarum
856 4633 910 4673 seu
929 4613 1052 4674 viarum
1077 4613 1300 4673 communium
1326 4632 1427 4694 prope
1453 4611 1557 4673 forum

294 4730 437 4778 nostrum
463 4737 635 4780 commune
667 4719 798 4780 situatas
827 4731 857 4779 et
889 4719 1090 4795 constitutus,
1116 4737 1212 4779 unam
1246 4719 1402 4800 integram
1437 4719 1557 4779 curiam

294 4838 324 4884 et
348 4843 444 4886 unam
468 4839 615 4906 quartam
639 4826 726 4886 curie
750 4824 790 4886 ad
822 4844 913 4886 usum
947 4839 1093 4886 nostrum
1120 4825 1151 4885 in
1176 4845 1209 4885 se
1242 4825 1455 4903 continentes,
1481 4801 1556 4887 cum

294 4930 443 4991 omuibus
469 4949 577 4992 earum
602 4931 794 4994 utilitatibus
825 4946 856 4994 et
888 4931 1092 5012 pertinenciis
1125 4931 1280 4992 universis
1312 4931 1449 5012 provido
1485 4931 1555 4992 viro

294 5047 325 5096 et
347 5034 482 5099 honesto
515 5036 653 5099 Johauui
688 5038 824 5100 institori
849 5035 917 5100 filio
948 5035 1075 5100 Nicolai
1111 5035 1185 5099 dicti
1220 5037 1335 5098 Bolsak
1361 5036 1400 5099 de
1426 5039 1558 5100 Nerem-
