3816 5802
724 1605 852 1706 (Anno
880 1603 1036 1692 Domini
1063 1603 1349 1705 nicodemi.)
1445 1635 1447 1638 ·

989 1839 1094 1848 -ι

408 1982 497 2058 Item
524 1981 558 2057 in
597 2005 690 2058 anno
720 1981 862 2058 Domini
901 1981 1088 2058 millesimo
1127 1982 1481 2082 quadringentesimo
1519 1981 1670 2079 quadra-

408 2107 551 2205 gesimo
581 2107 724 2206 quint0,
753 2107 844 2182 feria
872 2115 1001 2206 quarta
1037 2107 1202 2206 proxima
1234 2113 1320 2205 post
1347 2105 1480 2180 festum
1510 2103 1669 2180 Conver-

408 2229 521 2304 sionis
550 2229 647 2305 beati
677 2230 778 2306 Pauli
799 2229 968 2330 apostoli,
989 2239 1154 2329 tempore
1170 2228 1350 2326 judicatus
1379 2230 1443 2303 viri
1467 2227 1604 2326 providi
1635 2235 1673 2301 et

408 2353 550 2429 honesti
573 2353 713 2430 Martini
730 2354 858 2452 judicis
879 2355 1035 2430 civitatis
1055 2354 1230 2453 predicte,
1250 2353 1421 2442 moderni,
1441 2350 1500 2426 lilii
1521 2350 1671 2442 Thome‚

408 2501 560 2578 presens
597 2479 785 2554 katernum
819 2487 877 2553 est
913 2477 1047 2554 factum
1086 2502 1195 2576 super
1222 2477 1484 2576 registracione
1521 2482 1560 2550 et
1588 2498 1671 2548 con-

408 2603 619 2700 signacione
648 2611 826 2678 certarum
860 2602 1041 2678 literarum
1079 2601 1351 2701 privilegialium
1389 2601 1515 2675 civium
1545 2607 1583 2674 et
1610 2598 1670 2672 ha-

407 2727 601 2802 bitatorum
631 2727 785 2802 civitatis
814 2726 976 2825 predicte
1010 2725 1103 2802 infra
1140 2725 1414 2816 nominatorum,
1451 2747 1560 2824 super
1587 2746 1671 2822 pos-

408 2849 630 2924 sessionibus
659 2872 782 2925 eorum
811 2850 844 2924 in
876 2849 1002 2925 eadem
1040 2849 1185 2924 civitate
1216 2855 1254 2924 et
1290 2849 1367 2923 eius
1396 2847 1580 2923 territorio
1609 2845 1669 2920 ha-

407 2973 502 3062 bitis,
531 2974 803 3072 privilegialiter
830 2973 895 3047 sub
933 2972 1101 3072 pendenti
1140 2973 1261 3072 sigillo
1290 2972 1555 3048 communitatis
1586 2993 1670 3045 con-

579 3095 754 3172 fectarum
783 3103 821 3171 et
855 3104 1100 3171 emanaterum
1131 3095 1238 3170 modo
1267 3095 1510 3195 infrascripto.

929 3377 990 3440 (27.
1007 3361 1172 3441 januarii).

516 3519 593 3581 ltem
619 3520 718 3582 Elena
756 3520 863 3581 relicta
889 3519 1026 3581 condam
1056 3519 1189 3601 Georgii
1220 3520 1349 3582 sartoris
1373 3519 1449 3580 dicti
1476 3516 1668 3603 Konyarych

408 3625 439 3686 in
465 3646 520 3687 sua
546 3641 576 3688 et
601 3626 696 3687 Blasii
722 3625 778 3688 lilii
804 3646 839 3687 ac
867 3625 1028 3687 Dorothee
1053 3625 1118 3688 filie
1142 3646 1196 3687 sue
1220 3647 1257 3686 ex
1287 3626 1355 3708 ipso
1381 3625 1523 3706 Georgio
1548 3637 1667 3685 sartore

407 3732 581 3813 procreatis
606 3732 760 3813 personis,
797 3753 833 3792 ex
858 3732 986 3794 instanti
1016 3732 1116 3814 ipsius
1147 3731 1306 3813 peticione
1330 3751 1361 3792 et
1394 3751 1432 3792 ex
1456 3749 1613 3792 consensu
1638 3743 1670 3789 et

407 3837 602 3898 admissione
628 3838 730 3900 tocius
747 3838 987 3900 communitatis
1011 3837 1216 3900 medietatem
1246 3837 1413 3898 cuiusdam
1432 3837 1548 3898 domus
1564 3836 1669 3916 lignee

407 3957 438 4004 et
462 3941 554 4004 fundi
578 3963 614 4005 ac
639 3944 746 4005 celarii
771 3944 969 4006 subterranei
1002 3965 1037 4006 ac
1061 3943 1285 4006 hedificiorum
1319 3944 1350 4004 in
1376 3943 1502 4004 civitate
1527 3941 1668 4025 predicte

408 4048 489 4110 inter
514 4049 647 4110 domum
682 4064 839 4112 muratam
873 4065 903 4110 et
934 4050 1106 4132 pallacium
1140 4049 1305 4112 Benedicti
1339 4063 1370 4112 et
1399 4050 1497 4112 Marci
1527 4048 1668 4111 filiorum

407 4153 543 4215 condam
576 4152 747 4216 Michaelis
780 4157 970 4235 Sebastiani,
1002 4157 1041 4218 ab
1076 4177 1149 4236 una,
1183 4171 1214 4218 et
1241 4171 1330 4238 parte
1362 4158 1402 4218 ab
1427 4157 1524 4218 altera
1549 4155 1667 4218 Vrbani

407 4259 532 4322 clientis
557 4280 593 4322 ac
618 4259 750 4342 Georgii
775 4262 933 4324 sellatoris
965 4283 1001 4324 ac
1026 4261 1204 4324 Clementis
1236 4261 1403 4344 freniparis
1427 4263 1546 4342 habite,
1570 4281 1668 4322 unam

406 4377 551 4446 quartem
576 4367 662 4428 curie
688 4368 719 4428 in
742 4387 775 4429 se
800 4369 1029 4448 continentem,
1055 4369 1214 4452 Dyonisio
1235 4369 1339 4451 jurato
1364 4383 1472 4431 nostro
1509 4371 1667 4431 moderno

406 4467 474 4532 filio
500 4469 644 4554 Georgii,
668 4473 764 4534 aliam
791 4475 995 4536 medietatem
1022 4475 1165 4536 eiusdem
1185 4475 1311 4554 domus,
1336 4475 1427 4536 fundi
1452 4491 1483 4537 et
1506 4477 1613 4538 celarii
1631 4497 1668 4538 ac

406 4575 642 4659 hedificiorum,
667 4593 813 4660 quartam
839 4581 1048 4643 consimiliter
1070 4601 1166 4642 unam
1192 4582 1367 4664 possidenti
1396 4583 1582 4661 literatorie,
1608 4604 1666 4665 pro

406 4681 545 4746 sedecim
571 4684 640 4748 flor.
665 4685 733 4747 auri
758 4685 904 4746 vendidit
931 4699 1086 4768 perpetuo
1118 4688 1345 4769 possidendam
1378 4701 1408 4749 et
1432 4689 1536 4750 eidem
1561 4687 1666 4770 jurato

406 4789 564 4875 Dyonisio
588 4792 760 4874 superinde
785 4807 816 4855 et
840 4813 934 4876 snper
959 4794 1026 4875 ipsa
1050 4807 1116 4856 tota
1141 4795 1240 4856 domo
1269 4795 1374 4858 medie
1399 4797 1486 4857 curie
1511 4811 1541 4858 et
1564 4794 1666 4858 fundo

402 4897 496 4960 totali
522 4917 557 4960 ac
582 4897 749 4978 hedificiis,
783 4898 967 4980 celarioque
1001 4901 1208 4962 subterraneo
1230 4914 1277 4963 est
1308 4901 1397 4962 litera
1422 4904 1481 4963 sub
1514 4903 1665 4984 pendenti

405 5003 513 5085 sigillo
537 5006 776 5067 communitatis
800 5018 956 5071 emanata.
