3840 5810
291 794 495 856 medietatem
520 795 674 858 directam
699 809 730 858 et
754 797 903 878 equalem
928 795 1095 857 cuiusdam
1117 795 1244 873 domus,
1269 794 1359 857 lundi
1386 811 1415 858 et
1440 796 1550 860 hedill-

289 901 410 962 ciorum
436 901 467 962 in
492 902 619 964 civitate
644 903 786 984 predicta
812 903 894 964 inter
918 902 1034 963 domos
1059 915 1089 964 et
1113 900 1230 962 lundos
1255 902 1418 964 Valentini
1444 904 1550 966 claudi

288 1021 318 1070 et
343 1006 492 1090 Gregorii
516 1028 553 1069 ac
587 1007 721 1089 Georgii
754 1023 936 1070 nostrorum
969 1008 1152 1070 concivium
1185 1007 1291 1070 habite
1325 1022 1355 1070 et
1379 1009 1552 1090 existentis,

288 1133 383 1176 unam
407 1127 551 1196 quartam
578 1115 665 1176 curie
690 1115 721 1175 in
744 1133 777 1175 se
795 1113 1026 1193 continentem,
1043 1113 1145 1196 ipsam
1162 1112 1298 1195 juridice
1323 1127 1354 1175 et
1377 1115 1552 1178 literatorie

288 1234 546 1300 concernentem,
579 1241 652 1282 cum
684 1221 750 1282 suis
782 1220 988 1303 pertinenciis
1020 1220 1163 1302 predicto
1188 1219 1332 1302 Georgio
1362 1221 1470 1284 clienti
1495 1223 1552 1284 do·

286 1328 374 1388 mino
399 1341 430 1389 et
446 1327 562 1389 marito
586 1346 646 1389 suo
663 1327 833 1408 legittimo,
858 1339 892 1388 ut
917 1345 1002 1388 novo
1029 1326 1153 1388 concivi
1178 1339 1299 1406 nostro,
1325 1326 1414 1391 dedit
1438 1341 1469 1391 et
1493 1329 1551 1390 do·

287 1435 372 1495 navit
395 1448 551 1516 perpetuo
576 1433 817 1516 possidendam.

389 1540 466 1602 ltem
492 1541 635 1602 Marinus
665 1539 761 1622 judex
785 1538 869 1602 filius
894 1541 1006 1602 Klario
1039 1541 1070 1602 in
1103 1541 1248 1622 personis
1272 1540 1404 1622 Georgii
1429 1555 1460 1604 et
1485 1544 1547 1604 Lo·

286 1645 391 1708 douici
416 1645 558 1708 filiorum
583 1660 613 1708 et
637 1645 801 1709 Dorothee
825 1645 890 1708 filie
915 1646 1052 1708 condam
1071 1646 1199 1708 Thome
1224 1647 1318 1729 jurati
1343 1647 1400 1708 filii
1427 1647 1546 1728 Choni,

285 1772 365 1814 onus
389 1767 420 1816 et
442 1773 617 1835 gravamen
634 1753 777 1836 ipsorum
803 1753 835 1814 in
853 1773 886 1815 se
908 1753 1013 1836 ipsum
1031 1767 1144 1835 sponte
1162 1753 1367 1832 assumendo,
1385 1753 1548 1835 quandam

285 1859 410 1922 vineam
435 1859 594 1921 dictorum
620 1879 793 1942 puerorum
819 1859 918 1941 ipsius
951 1859 1080 1920 Thome
1104 1859 1198 1940 jurati
1228 1859 1258 1920 in
1285 1859 1446 1922 territorio
1470 1861 1548 1922 civi·

285 1967 355 2028 tatis
372 1969 454 2029 inter
478 1968 587 2029 vineas
612 1967 767 2050 Stephani
792 1967 868 2028 dicti
887 1967 1145 2050 Skerchlrowych
1165 1981 1195 2028 et
1211 1967 1388 2029 liberorum
1406 1969 1543 2030 condam

286 2075 452 2136 Michaelis
475 2074 614 2136 condam
638 2075 748 2156 generi
774 2075 936 2136 Dominici
966 2074 1074 2156 Popelr
1108 2073 1261 2152 habitam,
1287 2073 1430 2156 Georgio
1455 2073 1546 2136 labro

285 2178 350 2243 filio
375 2181 536 2242 Francisci
560 2179 642 2242 labri
666 2201 724 2263 pro
742 2181 856 2262 viginti
882 2179 951 2242 flor.
970 2180 1116 2242 vendidit
1132 2195 1289 2262 perpetuo
1306 2181 1546 2263 possidendam.

386 2287 465 2350 ltern
490 2286 618 2366 domus,
642 2285 772 2366 fundus,
805 2287 958 2348 celarium
992 2300 1023 2348 et
1046 2285 1195 2348 hedificia
1227 2286 1364 2348 condam
1391 2287 1547 2349 Anthonii

282 2394 444 2476 occuparis
467 2394 499 2454 in
524 2394 681 2455 suburbio
714 2393 851 2455 civitatis
882 2392 1025 2474 predicte
1058 2393 1090 2454 in
1114 2392 1220 2474 platea
1252 2391 1403 2454 videlicet
1436 2393 1547 2460 Theu-

282 2500 435 2562 thonicali
460 2501 543 2562 inter
567 2500 683 2562 domos
714 2513 745 2560 et
776 2497 895 2561 lundos
926 2500 1103 2561 liberorum
1138 2497 1272 2580 Georgii
1297 2499 1493 2561 balneatoris
1517 2513 1548 2562 et

282 2605 371 2666 Pauli
396 2605 558 2688 arcuparis
582 2620 614 2667 et
638 2605 731 2688 Gyan
750 2605 897 2688 pellificis
921 2605 1040 2684 habita,
1058 2604 1198 2666 mediam
1224 2605 1343 2666 curiam
1370 2605 1401 2666 in
1419 2624 1452 2666 se
1470 2625 1546 2667 con-

281 2713 394 2792 tinens,
418 2733 475 2796 per
509 2713 735 2774 vendicionem
768 2711 893 2774 domini
927 2711 1081 2774 lobannis
1113 2711 1280 2793 presbiteri
1313 2710 1417 2773 fratris
1448 2713 1548 2795 ipsius

281 2819 386 2880 uxoris
410 2818 545 2901 predicti
578 2819 734 2881 Anthonii
767 2819 949 2902 arcuparis,
982 2819 1121 2881 lohanni
1155 2817 1245 2881 fabro
1278 2817 1346 2880 filio
1379 2818 1547 2881 Michaelis

281 2925 426 2988 similiter
451 2925 532 2988 labri
556 2946 615 3008 pro
639 2926 790 2988 undecim
816 2940 846 2989 et
864 2926 973 2988 medio
998 2925 1067 2988 flor.
1085 2925 1153 2988 auri
1171 2939 1218 2988 est
1242 2925 1371 2987 vendita
1389 2939 1545 3008 perpetuo

280 3032 473 3114 possidenda
502 3047 534 3095 et
557 3032 729 3114 superinde
755 3047 801 3094 est
832 3034 923 3094 litera
952 3033 1011 3094 sub
1044 3031 1198 3114 pendenti
1224 3031 1332 3112 sigillo
1365 3033 1544 3094 communi·

281 3140 350 3201 tatis
374 3153 532 3202 emanata.

383 3245 460 3308 ltem
487 3246 642 3308 medietas
666 3246 834 3308 cuiusdam
860 3247 987 3326 domus,
1013 3246 1103 3308 fundi
1129 3261 1159 3308 et
1189 3245 1411 3309 hedificiorum
1438 3247 1544 3309 medie

279 3353 364 3414 curie
390 3353 420 3414 in
446 3353 602 3414 suburbio
627 3353 765 3414 civitatis
798 3353 940 3434 predicte
964 3373 1020 3414 seu
1053 3353 1157 3435 platea
1183 3353 1436 3416 Theuthonicali
1463 3355 1544 3416 inter

279 3458 392 3519 domos
416 3473 447 3519 et
471 3457 589 3520 fundos
606 3459 781 3520 liberorum
800 3459 936 3520 condam
956 3458 1085 3520 Thome
1102 3460 1219 3520 sutoris
1244 3473 1274 3520 et
1298 3459 1445 3521 similiter
1463 3459 1542 3521 libe·

278 3584 385 3626 rorum
411 3564 548 3626 condam
574 3564 753 3626 Clementis
777 3565 853 3626 dicti
871 3564 1105 3647 Zlepchewych
1130 3563 1249 3643 habite,
1273 3585 1371 3626 unam
1396 3579 1542 3646 quartam

278 3671 363 3732 curic
388 3671 420 3731 in
445 3691 478 3732 se
504 3671 684 3749 continens,
709 3670 853 3751 Georgio
871 3669 961 3731 labro
986 3670 1054 3732 lilio
1073 3671 1232 3732 Francisci
1259 3669 1339 3731 labri
1364 3684 1411 3732 est
1427 3684 1543 3732 statuta

280 3797 317 3837 ex
343 3777 471 3838 instanti
497 3777 597 3859 ipsius
628 3777 788 3860 peticione
821 3792 977 3860 perpetuo
1013 3777 1206 3858 possidenda
1232 3791 1262 3837 et
1293 3777 1466 3858 superinde
1498 3792 1544 3839 cst

277 3884 366 3945 litera
390 3885 449 3945 sub
474 3883 627 3966 pendenti
653 3883 761 3964 sigillo
785 3884 1027 3944 communitatis
1052 3882 1294 3966 privilegialiter
1320 3899 1478 3946 emanata.

382 3990 459 4052 Item
487 3989 668 4072 Stephanus
700 3988 841 4050 carnifex
873 3990 977 4050 dictus
1009 3991 1118 4072 Zaylro
1150 3989 1235 4052 filius
1261 3991 1370 4052 Maren
1398 3991 1437 4050 de
1464 3991 1540 4050 Klo-

277 4095 466 4158 ltochewecz
490 4096 653 4178 quandam
679 4096 812 4157 domum
840 4116 931 4156 suam
954 4097 1085 4158 totalem
1111 4116 1183 4158 cum
1202 4095 1303 4157 fundo
1328 4111 1359 4157 et
1384 4095 1541 4157 hedificiis

276 4203 306 4264 in
332 4203 416 4264 dicta
433 4203 560 4265 civitate
578 4203 660 4264 inter
677 4202 792 4264 domos
810 4217 840 4264 et
859 4202 976 4265 fundos
999 4203 1165 4264 Michaelis
1182 4203 1342 4284 portulani
1362 4217 1393 4264 et
1411 4202 1541 4266 Thome
1635 4263 1637 4268 .

277 4310 350 4370 dicti
377 4308 567 4392 Grozynecz
590 4309 744 4388 habitam,
770 4311 909 4371 mediam
936 4311 1056 4371 curiam
1075 4309 1106 4370 in
1132 4329 1165 4370 se
1187 4309 1421 4386 continentem,
1447 4309 1540 4368 Eme-

276 4417 340 4476 rico
364 4416 505 4497 agricole
529 4415 597 4478 lilio
623 4416 775 4499 Symonis
800 4417 838 4476 de
865 4415 1079 4498 Mozlawyna‚
1108 4429 1143 4476 ut
1160 4435 1245 4477 novo
1270 4416 1393 4477 concivi
1420 4429 1541 4491 nostro,

277 4521 419 4584 vendidit
443 4535 598 4604 perpetuo
623 4521 852 4604 possidendam
877 4535 908 4583 et
926 4522 1098 4604 superinde
1124 4539 1169 4582 est
1187 4523 1277 4583 litera
1302 4523 1362 4582 sub
1387 4521 1539 4604 pendenti

280 4627 385 4708 sigillo
411 4629 651 4690 communitatis
675 4643 832 4690 emanata.
