3854 5798
598 1573 727 1673 (Anno
757 1574 914 1665 Domini
941 1575 1227 1682 adnodant.)

862 1793 968 1803 n——n

280 1913 370 1990 Item
397 1915 431 1989 in
456 1937 550 1990 anno
570 1913 714 1990 Domini
731 1915 917 1991 millesimo
938 1916 1292 2017 quadringentesimo
1311 1919 1546 2018 sexagesimo

281 2037 415 2138 quinto,
445 2037 536 2114 seria
564 2039 688 2138 quinta
711 2040 875 2139 proxima
893 2039 1063 2116 videlicet
1091 2047 1175 2117 ante
1208 2041 1341 2118 festum
1374 2043 1541 2120 Purifica-

284 2162 396 2238 cionis
424 2162 571 2261 virginis
601 2162 775 2261 gloriose,
812 2164 974 2263 proxime
1007 2171 1214 2257 venturum,
1253 2173 1417 2266 tempore
1447 2167 1544 2244 vide-

280 2287 368 2361 licet
390 2285 571 2384 judicatus
600 2287 664 2361 viri
693 2286 831 2386 providi
852 2295 890 2362 et
914 2288 1165 2387 circumspecti
1185 2286 1324 2365 Nicolai
1354 2288 1413 2365 filii
1433 2289 1544 2384 Petri,

279 2433 428 2510 presens
450 2409 656 2485 cathernum
677 2409 752 2508 (est
773 2410 922 2504 factum)
942 2435 1051 2511 super
1071 2413 1353 2510 consignacione
1378 2421 1417 2490 et
1444 2417 1537 2514 regi·

280 2533 463 2610 stracione
493 2534 675 2610 literarum
713 2534 984 2634 privilegialium
1023 2535 1147 2611 civium
1187 2543 1225 2613 et
1260 2535 1538 2616 inhabitatorum

394 2657 550 2735 civitatis
579 2666 784 2758 prenotate,
814 2659 922 2735 modo
952 2669 991 2736 et
1018 2660 1143 2737 ordine
1171 2661 1421 2762 infrascriptis.

797 2953 862 3026 (31.
877 2949 1045 3024 januarii).

388 3086 487 3161 Quod
501 3088 576 3170 quia
592 3088 641 3149 vir
653 3089 806 3170 providus
823 3101 853 3150 et
869 3088 1023 3151 honestus
1041 3089 1216 3173 Dyonisius
1240 3104 1341 3152 sartor
1366 3090 1541 3155 modernus

277 3193 400 3274 juratus
424 3207 455 3256 et
479 3194 621 3256 concivis
645 3209 753 3256 noster
780 3195 994 3277 supradictus,
1026 3193 1112 3258 filius
1135 3195 1286 3258 videlicet
1310 3195 1443 3280 Georgii
1469 3212 1540 3278 etc,

279 3301 372 3362 nobis
397 3319 435 3361 eo
453 3300 553 3362 modo
569 3299 747 3381 significare
766 3303 897 3380 curavit,
915 3315 950 3364 ut
962 3303 1029 3384 ipse
1048 3303 1153 3384 primo
1170 3302 1325 3367 directam
1342 3317 1373 3365 et
1390 3304 1539 3385 equalem

278 3407 484 3468 medietatem
518 3407 684 3468 cuiusdam
719 3407 846 3486 domus,
878 3405 1036 3489 fundique
1067 3422 1098 3471 et
1129 3407 1353 3470 hedificiorum
1378 3423 1410 3472 et
1431 3411 1540 3472 celarii

277 3513 474 3574 subterranei
499 3513 634 3594 provide
658 3513 796 3575 condam
830 3513 974 3575 mulieris
998 3513 1099 3575 Elena
1130 3527 1243 3577 vocate
1268 3516 1377 3578 relicte
1401 3516 1539 3578 condam

277 3620 432 3682 Johannis
456 3619 585 3681 sartoris
617 3619 696 3680 olim
728 3620 864 3681 senioris
893 3619 987 3702 jurati
1020 3633 1051 3681 et
1082 3620 1223 3682 concivis
1255 3621 1366 3700 nostri,
1398 3622 1430 3683 in
1456 3622 1539 3684 dicta

277 3727 415 3805 civitate,
440 3746 476 3788 ac
500 3725 583 3788 inter
607 3725 723 3787 domos
747 3739 777 3786 et
801 3724 919 3788 fundos
935 3726 1078 3787 virorum
1096 3725 1307 3808 providorum
1332 3741 1363 3789 et
1387 3727 1538 3789 honesto·

275 3853 346 3894 rum
372 3833 502 3894 Martini
526 3832 656 3894 sartoris
679 3851 715 3894 ac
740 3833 855 3894 rasoris
878 3852 1060 3915 pannorum
1085 3831 1143 3894 filii
1168 3833 1279 3912 Marci,
1304 3835 1343 3894 ab
1369 3853 1432 3895 una
1449 3833 1536 3895 vide·

277 3939 351 4000 licet
375 3960 393 4000 a
419 3937 624 4001 meridionali
649 3953 749 4021 parte,
781 3953 812 4000 et
836 3938 1056 4000 Bartholomei
1090 3937 1243 4000 institoris
1274 3939 1458 4002 concivium
1482 3960 1538 4002 no·

278 4061 415 4107 strorum
441 4045 583 4108 habitam
609 4059 640 4106 et
673 4045 872 4124 existentem,
905 4045 1044 4106 mediam
1076 4045 1108 4106 in
1133 4058 1202 4106 toto
1233 4046 1353 4106 curiam
1379 4045 1418 4106 ad
1444 4065 1538 4107 usum

276 4152 360 4214 dicte
385 4151 522 4214 civitatis
546 4152 578 4212 in
603 4171 636 4212 se
661 4151 891 4229 continentem,
912 4151 1119 4212 medietatem
1145 4164 1180 4212 ut
1196 4150 1370 4233 predicitur
1394 4151 1535 4232 predicte

279 4259 406 4338 domus,
430 4257 533 4338 fundi,
566 4257 673 4319 celarii
705 4257 901 4319 subterranei
936 4271 966 4318 et
997 4256 1234 4335 hedificiorurn,
1267 4277 1363 4318 unam
1389 4271 1535 4338 quartam

276 4366 362 4428 curie
389 4367 421 4427 in
455 4386 488 4428 se
520 4365 751 4443 continentem,
783 4384 856 4426 cum
889 4365 1040 4425 omnibus
1072 4377 1149 4442 etc,
1182 4365 1221 4425 ab
1254 4363 1365 4425 eadem
1398 4363 1536 4427 condam

276 4473 376 4534 Elena
402 4473 536 4534 muliere
561 4491 620 4554 pro
644 4491 698 4532 sex
724 4469 793 4532 flor.
823 4471 890 4532 auri
924 4470 1052 4531 ernisset
1076 4485 1107 4531 et
1136 4485 1361 4551 comparasset,
1386 4483 1417 4531 et
1440 4469 1536 4531 aliam

274 4579 479 4641 medietatem
504 4578 659 4640 directam
683 4593 713 4639 et
737 4578 887 4659 equalem
913 4577 1058 4638 eiusdem
1083 4575 1209 4655 domus,
1234 4575 1337 4655 fundi,
1362 4576 1536 4657 celariique

274 4685 473 4749 subterranei
497 4699 528 4748 et
551 4683 773 4746 hedificiornm
792 4686 831 4746 ab
856 4683 1038 4746 honorabili
1056 4683 1125 4744 viro
1151 4682 1285 4744 domino
1308 4682 1444 4743 Nicolao
1469 4681 1535 4763 ple·

275 4794 359 4854 bano
385 4792 518 4854 ecclesie
543 4805 649 4853 nostre
674 4790 866 4872 parochialis
897 4791 997 4852 sancti
1030 4789 1128 4851 Marci
1163 4789 1368 4871 ewangeliste
1395 4789 1425 4850 in
1452 4789 1535 4849 dicta

274 4898 400 4960 civitate
425 4897 568 4974 fundate,
593 4897 660 4960 filio
679 4898 817 4959 condam
843 4897 971 4958 Thome
990 4897 1029 4958 de
1053 4895 1261 4980 Zekecchyna
1285 4895 1365 4956 olim
1389 4894 1536 4955 similiter

273 5005 416 5066 concivis
441 5005 540 5066 nostri
564 5005 705 5066 habitam
732 5021 762 5065 et
786 5004 975 5065 existentem
1008 5004 1039 5063 in
1064 5016 1224 5085 preatacta
1248 5001 1421 5080 vicinitate,
1445 5000 1533 5061 simi-
