3832 5804
825 559 911 616 Anno
933 555 1027 636 1460.
1505 578 1566 642 203

411 766 487 829 Item
512 768 614 830 Elena
640 769 755 830 mulier
778 769 887 831 relicta
905 771 1041 831 condam
1059 769 1224 852 Zaykonis
1248 768 1398 851 lutifiguli
1416 771 1568 853 primum,

306 893 389 935 nunc
407 893 482 936 vero
500 875 655 936 Johannis
672 874 798 952 literati,
816 875 978 957 quandam
996 876 1131 937 domum
1153 897 1243 937 suam
1261 877 1357 938 simul
1375 897 1448 938 curn
1466 876 1568 939 fundo

305 993 335 1040 et
351 978 484 1042 edificiis
501 981 582 1042 inter
598 980 731 1042 domum
743 996 900 1042 muratam
919 994 949 1042 et
961 979 1096 1042 fundum
1111 1002 1147 1042 ac
1163 980 1287 1044 edificia
1299 981 1430 1063 Georgii
1441 983 1569 1044 sartoris

305 1087 344 1147 ab
361 1086 508 1149 orientali
526 1099 624 1168 parte,
642 1108 660 1149 a
684 1101 772 1170 parte
789 1107 865 1150 vero
882 1087 1073 1150 occidentali
1096 1089 1178 1149 inter
1202 1088 1334 1150 domurn
1355 1089 1494 1170 ligneam
1519 1109 1566 1151 re-

306 1193 378 1254 licte
403 1192 542 1254 condam
567 1193 690 1275 Gaspar
713 1193 829 1256 literati
854 1193 1007 1272 habitam,
1038 1194 1177 1256 mediam
1203 1195 1323 1256 curiam
1351 1195 1382 1256 in
1409 1215 1442 1257 se
1467 1197 1567 1258 conti·

305 1311 448 1376 nentem,
472 1298 623 1360 Ladislao
648 1298 826 1361 balneatori
859 1297 925 1360 filio
949 1299 1032 1360 Petri
1064 1299 1219 1362 Melinich
1249 1301 1374 1362 concivi
1399 1315 1508 1364 nostro
1532 1321 1568 1364 ac

306 1423 361 1486 per
385 1423 458 1466 eum
484 1403 585 1469 Elene
610 1404 738 1466 mulieri
763 1424 819 1467 sue
837 1403 1004 1487 (consorti)
1029 1425 1087 1487 pro
1112 1406 1325 1488 quadraginta
1342 1407 1449 1490 pensis
1471 1408 1568 1470 dena-

306 1510 426 1571 riorum
450 1510 684 1572 wiennensium
718 1510 864 1572 vendidit
896 1531 1002 1572 coram
1036 1512 1129 1572 nobis
1160 1527 1315 1594 perpetuo
1340 1515 1567 1595 possidendam

234 1677 239 1684 ,
306 1628 336 1676 et
360 1615 532 1697 superinde
556 1617 647 1677 litera
672 1629 779 1678 nostra
805 1616 1014 1698 privilegialis
1040 1619 1101 1679 sub
1130 1619 1282 1700 pendenti
1307 1619 1414 1700 sigillo
1439 1634 1485 1682 est
1507 1621 1567 1682 sibi

306 1733 462 1785 emanata.

410 1827 488 1888 ltent
513 1826 704 1890 Valentinus
728 1826 824 1908 judex
846 1827 931 1889 lilius
955 1827 1122 1890 Michaelis
1139 1843 1306 1910 tamquam
1331 1831 1569 1892 commissarius

306 1930 460 1993 lobannis
484 1932 576 1995 aliter
600 1933 685 1995 lwan
710 1934 814 1995 vocati
839 1931 896 1994 filii
915 1934 1088 2012 Valentini,
1113 1934 1278 2016 quandam
1302 1936 1428 1997 vineam
1454 1934 1567 2018 prelati

305 2041 443 2102 condam
468 2040 554 2102 lwan
579 2042 661 2102 inter
685 2043 795 2102 vineas
819 2041 909 2103 Pauli
942 2040 1099 2104 carnificis
1132 2041 1275 2124 lagatich
1301 2043 1376 2104 dicti
1400 2055 1431 2104 et
1455 2041 1568 2124 prelati

306 2147 468 2210 Valentini
493 2147 608 2230 judicis
632 2148 786 2227 habitam,
811 2149 948 2230 desuper
980 2169 996 2210 a
1029 2149 1079 2210 via
1104 2150 1268 2210 communi
1301 2163 1332 2211 et
1356 2147 1435 2211 infra
1467 2169 1568 2230 usque

305 2253 345 2314 ad
370 2253 466 2315 aliam
491 2254 575 2315 viam
602 2253 837 2316 circumvicinis
869 2273 1076 2316 communem
1102 2254 1242 2317 habitam
1275 2275 1307 2316 se
1332 2255 1567 2334 extendentem,

305 2359 464 2440 Gregorio
488 2360 629 2442 agricole
653 2359 721 2422 filio
745 2360 878 2442 Georgii
904 2361 943 2422 de
969 2362 1127 2422 Ralronolc
1148 2381 1183 2423 ac
1208 2381 1264 2442 per
1288 2381 1362 2422 eum
1386 2362 1452 2422 suis
1476 2361 1566 2422 here·

306 2465 400 2527 dibus
423 2485 482 2548 pro
507 2466 617 2528 decem
643 2482 674 2528 et
706 2481 779 2528 octo
812 2466 880 2529 flor.
913 2468 1059 2528 vendidit
1087 2480 1245 2549 perpetuo
1277 2467 1504 2548 possidendam
1538 2482 1568 2528 et

304 2572 476 2654 superinde
509 2573 600 2635 litera
633 2587 739 2636 nostra
771 2573 981 2657 privilegialis
1012 2576 1071 2636 sub
1103 2574 1210 2655 sigillo
1244 2574 1397 2656 pendenti
1429 2587 1475 2635 est
1507 2573 1567 2635 sibi

307 2691 464 2741 emanata.

411 2785 489 2848 Item
516 2785 708 2848 Benedictus
732 2785 859 2848 institor
889 2785 974 2848 filius
999 2787 1115 2869 Jerney
1147 2786 1188 2848 de
1212 2787 1379 2869 Thopola,
1405 2786 1568 2868 quandam

306 2892 439 2955 domurn
463 2913 554 2955 suam
579 2893 675 2954 simul
700 2913 772 2955 curn
797 2891 899 2956 lundo
923 2907 954 2954 et
978 2891 1114 2954 edificiis
1145 2893 1227 2955 inter
1251 2892 1385 2954 domum
1410 2905 1567 2954 muratam

307 2996 438 3080 Georgii
463 3000 592 3061 sartoris
615 3001 655 3061 ab
680 2999 829 3062 orientali
864 3013 1004 3082 parte,a
1039 3013 1128 3081 parte
1154 3018 1230 3060 vero
1262 2998 1454 3060 occidentali
1487 2999 1569 3059 inter

306 3104 440 3166 domum
464 3105 605 3186 ligneam
630 3105 739 3168 relicte
773 3106 912 3167 condam
946 3105 1070 3188 Gaspar
1102 3106 1217 3168 literati
1250 3105 1402 3183 habitam,
1428 3105 1567 3165 mediam

305 3211 530 3273 tantummodo
555 3212 676 3272 curiam
701 3211 732 3272 in
757 3232 791 3272 se
824 3213 1053 3289 continentem,
1080 3211 1181 3274 Elone
1205 3211 1332 3273 mulieri
1357 3211 1467 3274 relicte
1491 3230 1566 3272 con-

306 3315 378 3378 dam
404 3317 566 3399 Zaykonis
596 3314 747 3398 lutifiguli
779 3337 864 3378 nunc
893 3319 1033 3380 consorti
1059 3317 1213 3379 lobannis
1246 3317 1364 3378 literati
1399 3335 1457 3398 pro
1490 3335 1567 3397 qua-

308 3421 380 3483 darn
405 3423 468 3484 alia
493 3422 592 3485 domo
615 3443 671 3484 sua
696 3443 753 3505 pro
786 3423 920 3485 modum
953 3425 1131 3486 concambii
1166 3424 1254 3486 dedit
1286 3437 1317 3485 et
1342 3423 1474 3484 donavit
1497 3442 1568 3504 per-

308 3543 405 3610 petuo
430 3528 657 3611 possidendam
683 3542 714 3590 et
736 3528 909 3611 superinde
934 3529 1025 3591 litera
1043 3543 1149 3591 nostra
1175 3529 1384 3611 privilegialis
1407 3530 1466 3589 sub
1491 3547 1567 3610 pen·

307 3634 393 3696 denti
418 3635 526 3716 sigillo
551 3649 597 3696 est
621 3635 681 3696 sibi
706 3648 864 3698 emanata.

410 3741 487 3803 ltem
514 3739 676 3802 lohannes
701 3756 731 3803 et
757 3741 869 3804 Gallus
893 3756 1017 3803 sutores
1033 3739 1090 3802 filii
1120 3740 1256 3802 condam
1275 3741 1404 3802 Andree
1429 3741 1468 3802 de
1493 3739 1566 3802 Dw-

305 3845 404 3925 bicza,
429 3846 591 3928 quandam
618 3847 751 3908 domum
776 3847 920 3929 ipsorum
945 3847 1041 3908 simul
1070 3867 1142 3908 cutn
1167 3845 1267 3908 lundo
1291 3867 1326 3908 ac
1351 3847 1469 3908 celario
1494 3848 1566 3907 sub·

303 3965 450 4014 terraneo
484 3952 566 4013 inter
598 3951 733 4013 domum
770 3951 947 4037 Elyzabeth
979 3953 1087 4014 relicte
1121 3953 1257 4014 condam
1292 3952 1444 4013 Friderici
1478 3953 1569 4013 aliter

305 4057 397 4119 Frich
422 4058 526 4119 vocati
552 4071 583 4120 et
614 4059 696 4120 inter
720 4059 787 4119 vias
819 4079 875 4120 seu
907 4059 1028 4140 plateas
1061 4077 1251 4120 communes
1282 4058 1424 4120 habitam
1450 4072 1480 4119 et
1504 4058 1567 4118 exi·

303 4176 451 4243 stentem,
476 4163 617 4225 mediant
643 4163 673 4224 iu
692 4177 760 4226 toto
785 4164 906 4225 curiam
924 4165 963 4225 ad
986 4183 1078 4225 usum
1098 4165 1181 4224 dicte
1200 4164 1335 4226 civitatis
1361 4164 1391 4224 in
1417 4183 1450 4224 se
1467 4163 1568 4225 conti·

304 4283 444 4348 nentem,
479 4270 585 4332 Elasio
618 4283 648 4331 et
681 4270 820 4331 Martino
853 4269 926 4331 filiis
958 4271 1114 4332 lohannis
1148 4270 1187 4329 de
1220 4269 1348 4352 Zynche
1374 4290 1409 4331 ac
1434 4289 1489 4350 per
1514 4288 1569 4330 eos

304 4395 415 4438 eorum
443 4375 615 4438 heredibus
639 4395 697 4458 pro
725 4377 878 4438 tredecim
912 4376 981 4438 flor.
1016 4377 1083 4438 auri
1110 4375 1256 4436 vendidit
1289 4391 1444 4458 perpetuo
1468 4375 1566 4456 possi·

304 4481 443 4544 dendam
469 4497 499 4544 et
523 4483 696 4564 superinde
720 4482 811 4543 litera
836 4496 942 4543 nostra
967 4482 1177 4564 privilegialis
1200 4483 1259 4542 sub
1284 4481 1436 4563 pendenti
1461 4480 1568 4561 sigillo

304 4602 350 4650 est
373 4587 435 4649 sibi
460 4601 618 4652 emanata.

408 4694 486 4755 ltenr
513 4692 751 4776 Blasiusxlaber
784 4693 945 4775 quendam
979 4692 1114 4754 fundum
1148 4711 1241 4753 suum
1274 4712 1359 4753 nunc
1384 4712 1512 4774 prorsus
1537 4705 1569 4754 et

305 4800 441 4862 omnino
485 4799 619 4862 edificiis
651 4799 837 4861 destitutum
871 4801 903 4860 in
937 4800 1091 4861 suburbio
1123 4800 1260 4860 civitatis
1290 4799 1431 4882 predicte
1471 4818 1569 4881 penes

303 4905 437 4968 fluvium
471 4907 620 4968 metalem
654 4907 735 4968 inter
767 4907 900 4967 domurn
935 4907 1113 4968 Clementis
1151 4904 1233 4967 fabri
1266 4926 1283 4966 a
1315 4907 1567 4988 septemtrionali

304 5027 392 5100 perte
419 5027 450 5081 et
472 5015 554 5079 inter
571 5015 705 5078 domum
724 5029 754 5076 et
770 5013 906 5081 fundum
925 5014 1087 5080 Valentini
1107 5013 1187 5074 labri
1212 5033 1228 5075 a
1254 5012 1459 5077 meridionali
1476 5027 1565 5096 parte
