3816 5802
260 767 357 829 lectas
373 785 410 830 ac
423 767 484 829 alia
499 768 604 830 debita
623 782 654 831 et
670 783 852 850 opportuna
871 770 1004 832 servicia
1021 783 1127 832 nostra
1145 770 1330 832 communia
1348 770 1387 832 de
1412 770 1527 833 eadem

259 872 414 955 porcione
438 873 539 956 ipsius
563 873 686 936 domini
713 874 846 936 Fabiani
873 875 1039 957 presbiteri
1064 895 1080 936 a
1105 874 1248 958 predicta
1272 876 1371 958 ipsius
1398 877 1523 938 domini

260 977 397 1040 Fabiani
414 999 479 1041 non
504 979 671 1043 solucione
695 999 821 1064 semper
839 981 1006 1062 hucusque
1023 982 1167 1063 plenarie
1190 982 1344 1063 persolvit
1368 995 1399 1044 et
1415 1002 1525 1065 super·

260 1085 335 1146 inde
353 1085 458 1149 eidem
490 1086 626 1149 domino
651 1086 803 1150 Michaeli
826 1087 1004 1168 presbitero
1029 1101 1060 1149 et
1077 1087 1234 1150 canonico
1255 1101 1302 1150 est
1319 1087 1411 1150 litera
1435 1108 1523 1151 com·

257 1191 422 1254 munitatis
450 1194 510 1254 sub
535 1192 688 1275 pendenti
712 1193 819 1276 sigillo
844 1194 1084 1256 communitatis
1109 1207 1266 1257 emanata.

362 1298 438 1360 Item
463 1299 599 1382 provida
624 1300 740 1362 mulier
764 1297 878 1362 Vrsula
912 1313 1025 1363 vocata
1049 1299 1113 1362 filia
1145 1301 1205 1361 viri
1230 1302 1367 1364 condam
1392 1303 1518 1386 providi

261 1403 357 1465 Blasii
383 1403 438 1466 filii
459 1405 549 1468 Pauli
567 1406 643 1468 dicti
662 1405 951 1490 Czaranthowych,
969 1426 1055 1468 nunc
1072 1426 1203 1469 consors
1219 1408 1376 1488 legittima
1394 1409 1524 1471 Thome

257 1511 387 1572 sartoris
411 1509 503 1593 jurati
529 1512 628 1573 nostri
655 1511 802 1574 moderni
835 1511 891 1574 filii
920 1512 1057 1592 Nicolai,
1090 1512 1253 1594 quandam
1278 1513 1406 1576 vineam
1431 1533 1522 1577 suam

259 1616 290 1675 in
316 1616 478 1678 territorio
504 1631 614 1678 nostro
639 1618 721 1678 inter
752 1619 879 1678 vineam
913 1616 1027 1700 prelati
1053 1617 1183 1680 Thome
1214 1617 1318 1699 jurati,
1343 1639 1360 1680 a
1385 1630 1524 1700 septem·

256 1723 372 1802 trione,
396 1737 428 1785 et
451 1724 533 1786 inter
557 1725 684 1786 vineam
702 1745 738 1786 ac
762 1725 876 1787 silvam
896 1723 1029 1806 Georgii
1047 1725 1187 1806 agricole
1205 1744 1261 1807 per
1280 1736 1399 1810 metam
1416 1725 1521 1788 cuius·

256 1827 329 1890 dam
356 1831 479 1892 arboris
503 1829 595 1912 sagus
619 1845 730 1892 vocate
747 1831 845 1911 vulgo
872 1833 989 1893 bukow
1006 1844 1130 1909 vocate,
1154 1850 1295 1893 necnon
1321 1831 1403 1894 inter
1420 1849 1521 1913 quen·

255 1936 329 1996 dam
355 1935 489 1998 fluvium
515 1937 555 1998 ab
580 1937 747 1999 occidente
779 1937 925 2014 habitum
957 1957 993 1998 ac
1021 1937 1103 1999 inter
1137 1937 1222 1998 viam
1246 1950 1310 1999 tarn
1336 1937 1519 1998 cutrualem

255 2061 352 2122 quam
377 2042 557 2124 pedestrem
583 2043 818 2104 circumvicinis
843 2062 1049 2104 communem
1067 2057 1098 2104 et
1121 2043 1301 2126 specialiter
1325 2041 1365 2104 ad
1391 2043 1520 2104 vineam

256 2149 431 2230 predictam
457 2151 556 2232 ipsius
582 2149 715 2232 Georgii
740 2151 880 2232 agricole
910 2171 927 2212 e
953 2165 1041 2232 parte
1074 2151 1207 2211 orientis
1238 2149 1379 2211 habitam
1404 2149 1519 2210 libera·

254 2254 327 2316 liter
350 2254 522 2318 ducentem
549 2271 579 2318 et
603 2257 870 2339 pertinentem,a
902 2257 1082 2318 meridione
1113 2256 1217 2333 sitam,
1249 2253 1387 2338 desuper
1411 2275 1427 2316 a
1452 2275 1511 2317 ver-

254 2362 315 2422 tice
342 2363 460 2423 montis
484 2381 540 2423 seu
571 2383 587 2425 a
620 2363 792 2424 medietate
825 2361 933 2425 fossati
964 2364 1046 2424 inter
1078 2361 1161 2444 ipsas
1192 2361 1302 2423 vineas
1326 2361 1521 2424 vicinalesa

254 2483 342 2547 parte
376 2469 475 2549 ipsius
507 2469 640 2530 orientis
672 2468 794 2548 habiti,
827 2483 857 2530 et
890 2467 969 2529 inira
1003 2487 1105 2550 usque
1136 2468 1318 2550 predictum
1350 2466 1520 2530 decursum

255 2573 342 2634 fluvii
369 2576 408 2636 ab
434 2576 505 2657 ipso
520 2576 687 2637 occidente
700 2575 804 2636 'habiti
835 2589 865 2636 et
887 2595 989 2656 usque
1006 2575 1181 2657 predictam
1206 2575 1291 2636 viam
1310 2586 1517 2636 communem

255 2681 503 2761 circumvicinis,
527 2682 624 2742 simul
648 2701 721 2743 cum
755 2681 894 2763 quadam
927 2680 1083 2762 particula
1111 2693 1192 2742 terre
1226 2679 1365 2742 mediam
1399 2679 1519 2742 dietam

253 2801 335 2849 terte
361 2807 416 2848 seu
442 2802 567 2849 arature
592 2789 642 2849 vel
667 2789 743 2849 citra
762 2789 793 2849 in
818 2807 851 2849 se
876 2789 1074 2866 continente,
1092 2807 1127 2848 ac
1149 2807 1222 2848 cum
1248 2787 1388 2868 virgulto
1413 2786 1518 2848 eidem

252 2893 345 2954 vinee
369 2892 608 2974 subjacentibus
632 2893 777 2975 predicto
803 2893 934 2956 Thome
958 2893 1071 2954 sartori
1101 2893 1170 2954 viro
1194 2913 1253 2953 suo
1277 2893 1437 2975 legittimo
1461 2893 1518 2954 do·

252 2999 340 3061 navit
363 3014 519 3082 perpetuo
544 2999 783 3082 possidendam.

357 3105 436 3167 Item
460 3106 645 3168 Anthonius
670 3107 796 3169 institor
828 3105 913 3168 filius
938 3107 1083 3189 Georgii,
1115 3107 1239 3189 pridem
1264 3105 1385 3189 juratus
1410 3107 1516 3169 conci·

250 3211 363 3293 visque
388 3227 506 3292 noster,
530 3213 692 3294 quandam
719 3213 854 3275 domurn
878 3233 967 3274 suam
993 3213 1089 3274 simul
1122 3233 1193 3274 cum
1220 3211 1321 3274 fundo
1345 3227 1375 3275 et
1399 3213 1517 3276 celario

251 3319 460 3381 subterraneo
485 3339 522 3380 ac
547 3318 703 3381 hedificiis
727 3319 758 3380 in
784 3319 867 3380 dicta
892 3320 1020 3381 civitate
1038 3320 1120 3381 inter
1144 3319 1260 3381 domos
1284 3331 1315 3381 et
1337 3317 1455 3381 fundos
1479 3339 1516 3382 ac

252 3423 403 3486 hedificia
427 3425 486 3486 viri
511 3425 637 3508 providi
669 3441 699 3486 et
731 3424 856 3487 honesti
891 3426 1060 3487 Laurencii
1092 3426 1298 3505 institorias
1324 3427 1515 3505 meridiem,

253 3544 284 3592 et
309 3532 399 3592 Pauli
425 3533 501 3593 dicti
528 3531 672 3610 Sulkow,
696 3553 712 3593 a
738 3533 967 3614 septemtrione
995 3532 1136 3594 habitam
1172 3545 1202 3594 et
1226 3533 1425 3611 existentem,
1450 3552 1516 3595 tne-

250 3637 337 3698 diam
361 3635 513 3700 videlicet
537 3638 656 3699 curiam
682 3638 722 3699 ad
756 3657 849 3700 usum
882 3639 965 3700 dicte
998 3638 1135 3699 civitatis
1167 3639 1256 3700 inse
1284 3638 1515 3718 continentem,

251 3742 389 3824 provido
423 3744 493 3806 viro
525 3744 654 3806 Thome
686 3744 798 3806 sartori
831 3743 898 3805 filio
930 3744 1055 3805 Nicolai
1081 3744 1184 3826 jurato
1216 3757 1326 3806 nostro
1358 3744 1516 3805 moderno

250 3869 310 3931 pro
334 3850 505 3912 medietate
530 3851 699 3912 cuiusdam
717 3851 843 3932 domus,
861 3849 952 3912 fundi
970 3865 1000 3912 et
1024 3851 1131 3913 celatii
1147 3851 1346 3914 subterranei
1372 3871 1407 3912 ac
1425 3851 1514 3912 hedi-

251 3955 396 4018 ficiorum
422 3957 454 4018 in
480 3957 591 4019 eadem
624 3958 752 4019 civitate
784 3958 866 4018 inter
897 3958 993 4019 aliam
1027 3957 1172 4036 domum,
1205 3956 1342 4018 fundum
1368 3971 1398 4018 et
1423 3956 1514 4019 hedi·

250 4060 321 4124 ficia
345 4063 490 4125 eiusdem
515 4063 671 4125 Anthonii
696 4062 790 4145 jurati
808 4079 839 4125 et
863 4064 992 4146 Mathye
1009 4064 1126 4124 sutoris
1151 4063 1257 4126 habite
1282 4078 1313 4124 et
1338 4063 1514 4142 existentis,

250 4187 309 4250 pro
333 4189 396 4232 una
421 4169 572 4232 videlicet
596 4183 708 4250 quarta
726 4170 812 4231 curie
837 4189 895 4251 pro
920 4170 1074 4252 porcione
1091 4169 1241 4230 videlicet
1266 4169 1366 4250 ipsius
1383 4168 1512 4229 Thome

248 4275 342 4356 jurati
367 4295 402 4338 ac
427 4295 486 4358 pro
510 4275 731 4337 additamento
758 4289 879 4358 septem
898 4275 966 4339 flor.
992 4276 1061 4337 auri
1090 4275 1301 4358 permutetive
1327 4273 1414 4335 dedit
1443 4293 1513 4355 per·

213 4411 218 4418 ·
249 4397 349 4466 petuo
371 4382 598 4466 possidendam
617 4395 648 4445 et
672 4381 845 4464 superinde
862 4383 991 4463 utrique
1009 4382 1089 4464 parti
1106 4396 1179 4444 sunt
1204 4381 1294 4442 litere
1319 4383 1378 4442 sub
1403 4380 1511 4461 sigillo

248 4489 489 4550 communitatis
518 4502 677 4550 emanate.

355 4595 432 4656 ltem
458 4595 577 4656 Paulus
601 4593 685 4656 iilius
709 4595 807 4656 Marci
829 4593 1054 4676 Chernowych
1079 4593 1242 4675 quandam
1267 4593 1401 4654 domurn
1418 4611 1511 4654 suam

248 4719 321 4762 curn
348 4698 449 4763 tundo
466 4714 497 4763 et
521 4701 639 4762 celario
657 4701 864 4763 subterraneo
889 4721 924 4761 ac
943 4699 1108 4777 hedificiis,
1130 4719 1188 4760 nec
1213 4719 1277 4760 non
1304 4717 1424 4780 penore
1442 4717 1512 4759 mu·

247 4819 317 4867 rato
341 4806 485 4868 eiusdem
510 4807 617 4868 celarii
643 4807 676 4868 in
701 4805 786 4869 dicta
815 4807 942 4868 civitate
979 4807 1061 4867 inter
1084 4805 1199 4867 domos
1224 4819 1254 4867 et
1279 4802 1396 4865 fundos
1422 4804 1512 4864 Pauli

247 4912 324 4974 dicti
351 4911 476 4996 Getych
502 4927 533 4974 et
557 4911 685 4974 Thome
710 4913 861 4994 agricole,
886 4916 925 4974 ab
943 4933 1006 4974 una
1032 4926 1130 4994 parte,
1148 4913 1188 4973 ab
1213 4911 1311 4972 altera
1329 4929 1405 4971 vero
1424 4922 1511 4992 parte

249 5019 404 5082 iohannis
430 5019 583 5082 institoris
607 5019 749 5082 habitam
778 5033 809 5082 et
841 5021 1040 5098 existentem,
1065 5019 1206 5082 mediam
1239 5019 1270 5078 in
1296 5031 1364 5080 toto
1389 5017 1511 5078 curiam

1404 5127 1422 5192 7
