3840 5810
711 1583 839 1684 (Anno
866 1581 1024 1671 Domini
1050 1578 1340 1680 Moocornnl

393 1926 482 2002 Item
511 1926 545 2000 in
575 1948 669 2000 anno
707 1923 851 1998 Domini
891 1921 1077 1997 millesimo
1114 1919 1472 2020 quadringentesimo
1506 1917 1657 2017 quadra·

395 2050 538 2150 gesimo
572 2048 731 2124 secundo
760 2048 795 2121 in
823 2042 948 2146 vigilia
974 2045 1112 2120 scilicet
1140 2043 1225 2120 festi
1253 2042 1522 2119 Purificacionis
1550 2043 1659 2118 beate

395 2197 540 2273 semper
566 2173 715 2271 virginis
747 2170 870 2264 lllarie,
898 2179 1063 2270 tempore
1079 2167 1260 2266 judicatus
1288 2167 1352 2242 viri
1372 2166 1510 2268 providi
1539 2175 1577 2241 el
1596 2166 1657 2240 bo-

394 2299 490 2374 nesti
519 2296 630 2372 Blasii
645 2295 774 2393 judicis
795 2295 910 2370 nostri
931 2293 1090 2369 moderni
1119 2290 1178 2367 filii
1198 2289 1310 2382 Pauli,
1329 2313 1480 2392 presens
1508 2289 1660 2365 katema

395 2429 453 2498 est
491 2420 698 2519 conscripta
735 2442 843 2518 super
879 2418 1143 2518 registracione
1189 2425 1227 2490 et
1264 2414 1547 2514 consignacione
1583 2437 1658 2488 cer-

394 2551 511 2619 tarum
539 2543 721 2618 literarum
742 2541 1014 2641 privilegialium
1034 2541 1160 2616 civium
1176 2551 1214 2615 et
1242 2540 1483 2615 habitatorum
1504 2537 1659 2613 civitatis

395 2664 718 2765 Montisgrecensis
748 2665 909 2764 predicte
937 2664 1029 2740 infra
1057 2664 1334 2757 nominatorum,
1370 2686 1479 2762 super
1512 2685 1658 2762 posses-

398 2789 557 2864 sionibus
586 2789 620 2863 in
650 2787 777 2864 eadem
807 2789 953 2864 civitate
987 2795 1025 2864 et
1063 2789 1139 2864 eius
1172 2788 1357 2864 territorio
1386 2787 1527 2878 habitis,
1556 2785 1659 2886 privi-

623 2912 805 3012 legialiter
833 2913 1076 2989 confectarum
1107 2919 1145 2988 et
1173 2917 1431 2988 emanatarum.

905 3174 947 3238 (1.
963 3160 1142 3239 februarii).

502 3303 579 3364 ltem
614 3302 775 3365 lohannes
815 3302 899 3364 filius
930 3303 1099 3365 Jacomelli
1132 3303 1238 3364 Latini
1279 3301 1442 3384 quandam
1484 3302 1659 3364 stacionem

396 3429 486 3472 suam
511 3423 668 3471 muratam
693 3409 790 3471 simul
822 3429 894 3471 cum
920 3409 1021 3471 lundo
1050 3423 1081 3471 et
1113 3407 1271 3471 hedificiis
1293 3409 1376 3470 inter
1407 3408 1566 3470 oraciones
1590 3427 1660 3469 mu·

397 3531 479 3578 ratas
504 3531 534 3580 et
559 3515 677 3578 fundos
710 3516 842 3578 domine
876 3516 1077 3598 Margarethe
1101 3517 1211 3578 relicte
1243 3515 1381 3578 condam
1408 3514 1521 3577 Briccii
1546 3514 1662 3598 judicis

399 3642 434 3685 ac
467 3643 557 3684 secus
588 3623 673 3684 viam
709 3643 916 3684 communem
950 3623 1113 3702 habitam,
1144 3642 1242 3684 unam
1275 3636 1421 3684 octavam
1446 3622 1479 3684 in
1503 3641 1536 3684 se
1560 3622 1661 3684 conti-

397 3743 539 3809 nentem,
564 3730 669 3791 eidem
695 3730 826 3792 domine
852 3729 1054 3810 Margaretbe
1078 3749 1136 3812 pro
1166 3730 1277 3792 decem
1302 3743 1333 3791 et
1357 3748 1474 3792 novem
1499 3727 1662 3792 donanti

397 3836 543 3898 vendidit
567 3849 722 3918 perpetuo
746 3835 974 3918 possidendam
1000 3849 1031 3898 et
1063 3836 1236 3918 superinde
1268 3849 1315 3898 est
1337 3836 1429 3899 litera
1452 3835 1662 3920 privilegialis

398 3944 457 4006 sub
482 3943 635 4025 pendenti
660 3943 767 4024 sigillo
792 3955 948 4006 emanata.

506 4049 584 4111 ltem
609 4069 646 4110 ex
670 4050 908 4112 testamentaria
933 4050 1100 4130 legacione
1126 4050 1240 4113 Briccii
1264 4050 1380 4132 judicis
1403 4048 1461 4112 filii
1485 4048 1662 4126 Benedicti,

401 4155 556 4216 medietas
580 4155 745 4217 cuiusdam
764 4154 871 4217 fertilis
893 4155 1032 4218 condam
1051 4155 1200 4238 Gregorii
1217 4156 1310 4238 jurati
1335 4155 1393 4218 filii
1410 4156 1543 4238 predicti
1561 4156 1662 4217 Bene·

400 4261 475 4323 dicti
513 4259 617 4322 fratris
641 4282 716 4324 vero
741 4262 876 4323 senioris
900 4263 1000 4344 ipsius
1026 4263 1139 4325 Briccii
1172 4263 1297 4345 judicis,
1322 4264 1354 4324 in
1387 4283 1502 4346 campo
1526 4263 1663 4325 civitatis

399 4368 542 4450 predicte
567 4368 598 4428 in
624 4369 788 4430 vicinitate
813 4383 968 4431 terrarum
1002 4370 1173 4431 arabilium
1206 4371 1382 4432 liberorum
1408 4369 1547 4433 condam
1572 4370 1662 4433 Pauli

399 4473 605 4535 Zidowcbicb
630 4489 660 4536 et
685 4476 819 4556 Agnetis
835 4475 946 4538 relicte
971 4477 1108 4538 condam
1127 4478 1288 4539 Dominici
1307 4477 1508 4561 Marsetbych
1531 4498 1568 4539 ac
1584 4477 1661 4540 libe·

399 4599 508 4642 rorum
534 4579 672 4642 condam
697 4580 782 4642 lwan
806 4580 863 4644 filii
891 4582 1069 4663 Michaelis,
1101 4584 1141 4645 ab
1169 4584 1303 4664 oriente,
1328 4604 1364 4646 ac
1389 4585 1470 4646 inter
1494 4585 1573 4647 duas
1596 4584 1664 4646 vias

400 4706 588 4749 communes
614 4707 711 4749 unam
747 4709 765 4749 a
790 4689 971 4753 meridione
995 4703 1026 4752 et
1049 4691 1146 4752 aliam
1170 4712 1187 4752 a
1220 4691 1449 4774 septemtrione
1474 4691 1608 4772 habitas,
1632 4704 1664 4754 et

401 4793 483 4854 inter
508 4814 543 4856 ac
567 4815 666 4877 penes
683 4794 781 4857 fenile
805 4810 836 4858 et
853 4811 970 4858 terram
999 4811 1105 4860 nostre
1131 4800 1371 4862 communitatis
1406 4801 1446 4862 ab
1470 4797 1662 4862 occidentali

401 4913 489 4980 parte
514 4899 626 4979 habiti,
651 4901 782 4965 domine
807 4901 1009 4985 Margarethe
1034 4904 1143 4967 relicte
1161 4905 1296 4986 predicti
1321 4906 1458 4967 condam
1483 4906 1597 4969 Briccii
1614 4905 1662 4988 ju·

403 5005 484 5068 dicis
520 5021 551 5069 et
575 5007 714 5070 lobanni
739 5009 837 5092 judici
870 5008 937 5072 filio
970 5011 1112 5074 eiusdem
1139 5011 1271 5074 domine
1304 5012 1517 5096 Margaretbe,
1541 5032 1577 5074 ac
1608 5032 1664 5099 per
