3832 5804
403 511 462 595 176
928 510 1015 568 Anno
1038 519 1128 587 1457.

399 725 483 786 Rosa
509 736 631 798 vocate,
656 721 759 783 eidem
786 721 887 782 Paulo
911 719 1051 782 carnifici
1077 720 1293 782 vendiderunt
1317 731 1472 800 perpetuo
1495 714 1661 799 possiden·

399 830 472 891 dam
498 843 529 891 et
553 828 725 910 superinde
765 841 811 889 est
835 827 895 888 sibi
920 827 1010 888 litera
1027 829 1085 888 sub
1110 826 1262 908 pendenti
1287 825 1394 906 sigillo
1420 821 1662 886 communitatis

399 951 555 997 emanata.

755 1066 836 1138 ltem
865 1068 898 1136 in
927 1066 1013 1138 lestu
1043 1065 1309 1138 Purificaciuois.

910 1227 955 1297 (2.
972 1216 1154 1298 februaria).

506 1361 583 1422 Item
609 1357 714 1442 judex,
739 1358 833 1439 jurati
850 1373 881 1420 et
904 1359 1079 1422 consiliarii
1102 1379 1138 1420 ac
1166 1358 1307 1420 universi
1333 1358 1417 1418 cives
1441 1377 1476 1418 ac
1493 1369 1559 1418 tota
1577 1373 1663 1416 com·

400 1467 566 1530 munitatis
589 1467 708 1528 civium
734 1466 870 1527 civitatis
894 1465 1046 1548 predicte,
1068 1465 1135 1548 pari
1159 1479 1190 1528 et
1215 1464 1360 1526 unanimi
1378 1483 1413 1525 ac
1439 1461 1591 1525 concordi
1609 1480 1664 1520 vo—

400 1576 533 1652 luntate,
558 1573 597 1635 de
622 1573 747 1636 duabus
771 1575 980 1655 porcionibus
1002 1573 1183 1634 vinealibus
1200 1573 1230 1633 in
1256 1572 1416 1634 territorio
1442 1568 1579 1631 civitatis
1595 1585 1664 1650 pre·

400 1681 484 1744 dicte
509 1681 591 1742 inter
615 1681 724 1741 vineas
748 1679 989 1741 condicionales
1013 1679 1145 1740 domine
1171 1679 1335 1741 Dorothee
1360 1691 1391 1738 et
1415 1675 1513 1738 Lucie
1538 1673 1665 1750 habitis,

401 1807 481 1869 quas
505 1787 655 1867 magister
679 1785 833 1848 Nicolaus
850 1787 996 1847 medicus
1021 1786 1185 1868 aMathya
1204 1784 1362 1867 Chaykyn
1380 1797 1411 1844 et
1434 1784 1473 1844 ab
1499 1781 1664 1842 Anthonio

401 1895 508 1956 Kokol
532 1913 590 1976 pro
615 1907 698 1954 certa
723 1893 933 1975 pecuniarum
956 1893 1134 1974 quantitate
1152 1892 1342 1974 comparuit,
1359 1909 1490 1952 censum
1516 1888 1595 1950 sexti
1612 1907 1666 1950 cu·

402 1999 469 2061 buli
506 2000 538 2060 in
563 2019 693 2061 censum
728 2011 857 2060 centum
890 1999 1095 2060 denariorum
1129 1999 1249 2059 usualis
1272 2010 1400 2058 monete
1432 2016 1490 2078 pro
1522 2009 1667 2076 tempore

401 2107 566 2184 currentis,
590 2106 683 2166 nobis
707 2120 761 2166 aut
784 2105 957 2166 comitibus
982 2105 1096 2166 nostris
1113 2103 1232 2166 amodo
1259 2119 1290 2165 et
1321 2103 1472 2184 deinceps
1496 2115 1664 2184 perpetua·

402 2213 473 2273 liter
497 2211 724 2294 persolvend0,
747 2212 891 2294 graciose
913 2211 1123 2272 commutavit
1154 2224 1185 2272 et
1215 2210 1274 2271 sibi
1300 2209 1472 2291 superinde
1496 2223 1543 2270 est
1575 2207 1666 2269 litera

402 2318 611 2400 privilegialis
635 2319 694 2378 sub
720 2317 872 2400 pendenti
897 2317 1005 2398 sigillo
1029 2317 1271 2380 communitatis
1294 2330 1452 2378 emanata.

508 2423 585 2485 ltem
611 2424 742 2486 domina
761 2424 861 2485 Elena
887 2421 950 2485 filis
973 2424 1110 2484 condam
1130 2423 1262 2507 Mykecz
1292 2423 1331 2484 de
1350 2422 1531 2504 Sobotsyna
1558 2420 1667 2482 relicta

402 2549 479 2591 vcro
504 2529 641 2591 condam
668 2528 800 2611 Georgii
826 2529 979 2592 Wolkow
1004 2531 1082 2590 olim
1107 2529 1201 2610 jurati
1227 2543 1257 2592 et
1281 2529 1422 2590 concivis
1446 2527 1557 2606 nostri,
1574 2546 1667 2608 quas·

403 2636 476 2698 dam
502 2650 565 2697 tres
590 2637 809 2718 possessiones
841 2657 924 2714 suas,
958 2636 1110 2698 videlicet
1143 2637 1277 2697 domum
1311 2650 1341 2698 et
1365 2649 1483 2697 turrem
1510 2647 1668 2695 muratam

403 2763 438 2804 ac
463 2740 600 2805 fundum
626 2757 657 2805 et
674 2743 834 2822 hedificia,
859 2757 890 2805 et
907 2743 1061 2824 (hlortum
1086 2763 1180 2804 suum
1205 2756 1373 2804 aetertum
1397 2761 1488 2804 suam
1514 2740 1668 2802 arabilem

403 2850 436 2910 in
461 2849 544 2912 dicta
569 2851 696 2911 civitate
721 2865 752 2912 et
783 2851 939 2912 suburbio
971 2864 1002 2911 et
1034 2870 1149 2932 campo
1183 2850 1319 2912 civitatis
1350 2849 1494 2911 eiusdem
1519 2849 1614 2909 sitam
1638 2860 1669 2908 et

404 2956 537 3034 habitas,
561 2976 635 3018 cum
660 2957 812 3017 omnibus
835 2957 1123 3039 suppellectilibus,
1155 2955 1346 3018 utensilibus
1377 2969 1472 3036 atque
1498 2953 1667 3032 clenodiis,

404 3083 439 3123 ac
464 3063 616 3123 omnibus
639 3064 735 3124 rebus
766 3077 797 3124 et
828 3064 922 3124 bonis
957 3064 1022 3124 suis
1056 3063 1232 3124 mobilibus
1263 3063 1397 3124 domino
1432 3060 1568 3123 Nicolao
1601 3057 1668 3121 filio

404 3169 533 3230 Thome
559 3168 706 3230 dedicta
740 3169 955 3251 Sobothsyna‚
988 3171 1230 3250 consanguineo
1263 3189 1321 3231 suo
1353 3170 1550 3251 propinquo,
1585 3185 1671 3228 novo

404 3275 528 3336 concivi
556 3288 677 3354 nostro,
701 3275 808 3336 taliter
840 3289 871 3336 et
895 3295 933 3336 eo
967 3275 1065 3336 modo
1091 3274 1181 3337 dedit
1211 3289 1368 3358 perpetuo
1396 3273 1606 3357 possidendas
1641 3287 1672 3334 et

404 3381 714 3462 quomodocumque
739 3382 878 3442 voluerit
895 3382 1124 3465 disponendas,
1150 3383 1238 3464 quod
1257 3383 1323 3464 ipse
1343 3382 1495 3443 dominus
1518 3381 1672 3443 Nicolaus

404 3487 561 3569 plebanus
586 3487 686 3568 ipsam
720 3487 885 3549 dominam
919 3489 1053 3550 Elenam
1088 3509 1189 3571 usque
1223 3490 1262 3550 ad
1288 3503 1424 3550 mortem
1456 3507 1545 3550 suam
1579 3488 1667 3549 bono

405 3593 503 3654 modo
529 3593 625 3654 debet
650 3592 757 3654 fovere
783 3609 813 3656 et
838 3595 958 3657 nutrire
991 3617 1027 3657 ac
1060 3611 1219 3658 mortuam
1244 3594 1420 3657 honorifice
1453 3595 1599 3676 sepelire,
1632 3613 1669 3654 ac

405 3719 463 3782 pro
488 3701 657 3761 animabus
682 3700 781 3782 ipsius
813 3701 945 3762 domine
979 3703 1079 3764 Elene
1113 3716 1143 3763 et
1174 3723 1306 3764 suorum
1337 3703 1598 3785 predecessorum
1633 3721 1669 3762 ac

405 3821 574 3888 parentum
600 3807 699 3888 ipsius
735 3827 791 3888 per
816 3809 1010 3889 peticionem
1040 3810 1109 3870 eius
1143 3809 1254 3870 missas
1278 3822 1308 3871 et
1339 3809 1670 3870 commemoraciones

406 3913 543 3976 fideliter
567 3928 598 3976 et
623 3916 861 3978 conscienciose
886 3916 989 3978 facere
1022 3917 1137 3979 debeat
1162 3918 1215 3996 ita,
1250 3917 1337 4000 quod
1363 3918 1429 3999 ipse
1454 3917 1672 3998 possessiones

407 4020 672 4102 ajurisdiccione
698 4023 836 4083 civitatis
869 4043 934 4084 non
960 4024 1151 4102 alienentur,
1184 4037 1215 4085 et
1239 4025 1412 4106 superinde
1444 4025 1504 4106 ipsi
1536 4024 1672 4085 domino

406 4128 543 4188 Nicolao
561 4129 700 4208 plebano
718 4142 763 4189 est
781 4129 872 4190 litera
889 4132 948 4191 sub
965 4131 1118 4211 pendenti
1136 4131 1243 4211 sigillo
1261 4131 1500 4192 communitatis
1514 4143 1673 4191 emanata.

513 4233 590 4295 Item
625 4235 773 4316 Mathyas
805 4249 895 4298 sutor
926 4236 1029 4298 dictus
1063 4235 1234 4318 Goychecz
1264 4251 1294 4298 et
1326 4236 1435 4299 Guralt
1470 4251 1559 4298 sutor
1590 4234 1676 4297 filius

407 4339 543 4402 condam
571 4341 711 4402 Emeriei
739 4341 934 4425 Bedowlych
960 4344 1170 4404 commissarii
1200 4343 1337 4406 condam
1362 4343 1449 4405 Galli
1474 4343 1600 4420 sutoris,
1626 4357 1674 4404 to·

407 4446 505 4508 talem
530 4447 717 4528 porcionem
744 4448 911 4509 cuiusdam
936 4449 1052 4510 domus
1069 4465 1192 4510 mutate
1216 4463 1247 4511 et
1272 4449 1362 4532 fundi
1388 4469 1423 4511 ac
1448 4448 1674 4512 hedificiorum

411 4549 443 4616 in
468 4553 551 4615 dicta
577 4555 703 4615 civitate
729 4556 811 4615 inter
835 4554 970 4616 domum
995 4571 1153 4618 muratam
1178 4571 1209 4618 et
1239 4556 1374 4618 fundum
1397 4556 1573 4617 liberorum
1600 4575 1675 4617 con·

409 4661 481 4721 dam
501 4661 656 4722 Demetrii
676 4661 751 4722 dicti
771 4662 877 4744 Seplto
903 4675 934 4723 et
951 4663 1032 4723 inter
1048 4664 1195 4726 semitam
1213 4683 1419 4726 communem
1440 4663 1560 4742 habite,
1577 4681 1675 4724 unam

408 4767 560 4829 videlicet
585 4769 814 4830 tantummodo
839 4783 986 4849 quartam
1010 4771 1098 4832 curie
1124 4771 1155 4832 in
1186 4791 1218 4832 se
1243 4771 1473 4848 continentem,
1498 4769 1675 4832 Benedicto

410 4887 441 4936 et
466 4873 594 4936 Thome
619 4873 693 4936 filiis
718 4875 855 4936 condam
881 4876 1043 4937 Valentini
1069 4875 1126 4938 filii
1147 4877 1236 4938 Pauli
1262 4878 1301 4938 de
1320 4877 1516 4938 Dauidowcz
1541 4895 1600 4958 pro
1618 4895 1675 4936 un-

409 4979 514 5041 decim
548 4980 619 5042 flor.
653 4981 842 5043 auctoritate
880 4983 1096 5043 commissario
1137 4983 1350 5045 vendiderunt
1382 4997 1538 5066 perpetuo
1574 4983 1676 5064 possi·
