3854 5798
377 781 473 855 Quod
492 782 567 864 quia
586 782 715 844 Matheo
734 781 859 842 institor
876 793 906 842 et
924 780 1059 842 Mathias
1076 801 1210 865 arcupar
1234 784 1319 844 cives
1343 783 1427 844 dicte
1452 783 1528 845 civi-

267 888 340 950 tatis
365 903 552 949 executores
577 887 754 948 testamenti
773 887 911 948 condam
937 887 1063 968 providi
1090 888 1147 948 viri
1167 889 1250 949 Petri
1275 889 1410 950 senioris
1435 888 1530 970 jurati

267 1008 298 1055 et
322 995 463 1055 concivis
488 994 588 1055 nostri
613 993 669 1054 lilii
695 993 820 1054 Malech
844 993 883 1054 de
908 993 1066 1076 lwanych,
1085 994 1246 1075 quandam
1273 995 1407 1056 domum
1432 995 1531 1077 ipsius

267 1099 404 1161 condam
431 1100 516 1162 Petri
540 1113 710 1178 muratam,
734 1098 830 1160 simul
848 1118 920 1160 cum
944 1098 1045 1161 fundo
1062 1113 1092 1160 et
1109 1097 1265 1162 hedificiis
1293 1101 1325 1162 in
1351 1102 1435 1163 dicta
1453 1101 1529 1163 civi·

266 1219 340 1283 tate,
366 1225 458 1268 muro
483 1205 627 1268 eiusdem
653 1205 789 1266 civitatis
824 1205 1030 1286 applicatam,
1064 1225 1165 1288 prope
1198 1220 1322 1288 portam
1347 1205 1530 1269 carnificum

267 1313 366 1395 ipsius
389 1313 525 1374 civitatis
550 1312 632 1373 inter
656 1310 778 1373 iontem
805 1325 964 1372 muratum
991 1325 1098 1373 nostre
1130 1313 1370 1374 communitatis
1395 1327 1426 1374 et
1449 1313 1530 1374 inter

267 1419 428 1501 quandam
454 1419 601 1480 semitam
627 1417 735 1479 eundo
760 1437 870 1478 versus
887 1417 1045 1500 capellam
1070 1433 1178 1480 sancte
1203 1419 1303 1480 Marie
1328 1420 1470 1500 virginis,
1495 1439 1530 1481 ac

268 1526 404 1607 desuper
429 1525 510 1586 inter
534 1523 653 1585 fundos
676 1525 781 1606 primo
807 1523 932 1584 domini
950 1524 1078 1586 Martini
1104 1525 1270 1606 presbiteri
1288 1525 1327 1586 de
1354 1526 1469 1586 Balcwa
1493 1545 1531 1586 ac

269 1631 429 1692 Francisci
454 1629 510 1692 filii
537 1630 675 1692 condam
696 1629 844 1710 Gregorii
863 1630 1002 1711 agricole
1022 1643 1053 1691 et
1071 1631 1198 1692 Martini
1217 1631 1332 1693 literati
1358 1632 1531 1713 provisoris

267 1737 354 1798 curie
378 1737 570 1819 episcopalis
593 1736 810 1817 zagrabiensis
835 1750 1016 1798 nostrorum
1035 1737 1216 1798 concivium
1242 1737 1383 1799 habitam
1409 1753 1440 1800 et
1464 1739 1528 1800 exi-

266 1856 414 1921 stentem,
439 1843 498 1904 tria
530 1843 686 1924 quartalia
720 1843 806 1903 curie
837 1842 877 1903 ad
911 1861 1005 1904 usum
1041 1843 1123 1904 dicte
1155 1843 1292 1921 civitatis
1315 1844 1346 1905 in
1370 1865 1403 1906 ee
1428 1845 1529 1906 conti·

267 1961 407 2026 nentem,
440 1949 544 2030 ipsum
571 1949 698 2009 Petrum
722 1947 824 2009 filiurn
859 1948 979 2009 Malecz
1011 1969 1028 2009 a
1060 1949 1203 2030 providis
1231 1949 1306 2010 viris
1342 1950 1470 2012 Andrea
1496 1965 1528 2012 et

267 2054 403 2116 Nicolao
416 2053 491 2116 filiis
515 2053 605 2116 Pauli
623 2054 698 2116 dicti
718 2054 861 2136 Bogdan,
882 2054 1098 2139 bogdanychy
1115 2056 1361 2135 cognominatis,
1374 2076 1431 2138 pro
1447 2069 1524 2119 tunc

267 2162 453 2224 concivibus
476 2163 602 2239 nostris,
627 2161 741 2243 partim
767 2160 894 2242 quoad
920 2179 1016 2222 unam
1035 2160 1240 2222 medietatem
1265 2161 1304 2222 ab
1329 2161 1449 2224 eisdem
1469 2163 1525 2224 do-

265 2268 408 2329 nacionis
431 2267 537 2345 titulo,
562 2281 593 2328 et
617 2267 733 2348 partim
757 2271 798 2328 ab
822 2267 944 2328 eisdem
975 2286 1041 2348 quo
1066 2266 1106 2327 ad
1138 2266 1233 2328 aliam
1260 2267 1464 2329 medietatem
1489 2269 1528 2329 ab

265 2373 384 2435 eisdem
407 2373 586 2456 empciouis
609 2373 703 2436 titulo
722 2373 897 2436 literatorie
914 2385 1154 2450 concernentes,
1172 2373 1269 2434 simul
1286 2393 1358 2434 cum
1377 2374 1529 2436 omnibus

266 2477 498 2562 (pertinenciis)
523 2479 668 2541 eiusdem
700 2479 817 2541 domus
849 2494 972 2540 murare
1005 2499 1138 2540 aecum
1171 2479 1314 2561 quodam
1344 2479 1528 2558 (h)orticulo

265 2584 377 2668 ex(tra)
401 2586 579 2668 predictam
605 2599 730 2668 portam
748 2585 933 2648 carnificum
951 2605 1049 2668 penes
1066 2605 1194 2648 murum
1212 2599 1355 2647 nostrum
1378 2605 1433 2646 seu
1451 2585 1527 2648 civi·

264 2693 335 2754 tatis
359 2693 501 2775 predicte
521 2692 642 2770 habito,
667 2691 721 2774 qui
739 2712 866 2774 semper
883 2707 913 2754 et
937 2693 976 2754 ab
994 2692 1128 2774 antiquo
1153 2691 1192 2754 ad
1210 2691 1364 2774 prefatam
1390 2692 1523 2754 domurn

265 2811 422 2862 muratam
446 2812 628 2880 spectasset,
652 2799 799 2881 superius
823 2813 929 2860 tamen
955 2819 971 2860 a
1000 2819 1093 2860 muro
1125 2811 1235 2860 nostro
1259 2812 1428 2880 prenotato
1453 2812 1526 2860 octo

264 2906 392 2968 brachia
416 2903 517 2969 ferrea
542 2925 600 2988 pro
625 2925 784 2984 mensura,
810 2907 864 2968 ubi
899 2905 1004 2968 eidem
1029 2925 1123 2967 muro
1157 2905 1292 2967 civitatis
1315 2903 1436 2987 prefate
1461 2905 1527 2966 cul·

264 3027 333 3073 tura
356 3011 532 3094 (h)orticuli
557 3012 715 3095 prenotati
742 3025 871 3074 noceret
891 3012 1084 3074 dimittendo
1102 3026 1173 3090 etc,
1198 3012 1344 3093 providis
1367 3011 1443 3072 viris
1460 3011 1526 3072 Ma·

263 3119 351 3182 these
375 3120 483 3181 villico
510 3132 541 3180 et
564 3119 732 3181 tributario
756 3121 815 3180 sub
840 3133 942 3181 castro
960 3119 1169 3181 Zomzedwer
1193 3131 1307 3180 vocato
1332 3131 1363 3180 et
1386 3117 1524 3179 Nicolao

264 3226 330 3289 lilio
354 3226 498 3289 eiusdem
525 3226 667 3288 Mathese
692 3239 722 3288 et
747 3246 803 3309 per
828 3245 882 3288 eos
907 3227 1050 3308 ipsorum
1068 3225 1240 3287 heredibus
1268 3243 1333 3305 quo
1359 3224 1397 3285 ad
1423 3223 1525 3284 direc-

262 3347 326 3394 tam
352 3333 496 3394 eiusdem
522 3332 725 3394 medietatem
759 3348 789 3393 et
821 3351 886 3414 quo
919 3333 958 3394 ad
991 3333 1086 3394 aliam
1120 3333 1325 3394 medietatem
1359 3331 1525 3392 Demetrio

265 3439 356 3500 aliter
381 3439 494 3500 Palecz
520 3437 605 3499 dicto
627 3453 657 3498 et
675 3437 817 3520 Georgio
842 3437 916 3500 filiis
940 3439 1077 3499 condam
1098 3439 1250 3500 Demetrii
1269 3439 1309 3500 de
1334 3439 1526 3519 Ztenyewcz

264 3565 348 3606 nunc
372 3546 403 3605 in
428 3545 506 3606 villa
532 3544 663 3606 Raboch
688 3546 964 3606 commorantibus
987 3565 1045 3626 pro
1064 3545 1176 3626 viginti
1199 3559 1272 3605 octo
1290 3544 1358 3606 flor.
1384 3544 1452 3604 auri
1471 3563 1526 3625 per

263 3652 393 3714 eosdem
408 3651 528 3712 eisdem
544 3652 767 3712 executoribus
785 3651 878 3733 plene
901 3651 1036 3733 receptis
1053 3651 1272 3711 vendidissent
1296 3665 1326 3710 et
1341 3649 1428 3731 juxta
1446 3669 1523 3712 con-

263 3759 424 3820 dicionem
442 3758 602 3820 civitatem
621 3772 821 3839 prenotatam
837 3761 901 3836 (sic)
923 3756 1231 3837 quomodocumque
1257 3757 1394 3818 voluerit
1419 3757 1525 3838 dispo·

263 3866 414 3927 nendam.

368 3972 446 4034 ltem
464 3985 498 4032 ut
514 3971 589 4052 quia
606 3971 654 4031 vir
673 3969 827 4052 providus
851 3985 881 4031 et
899 3969 1052 4030 honestus
1069 3969 1213 4029 Andreas
1237 3983 1326 4029 sutor
1350 3968 1525 4029 modernus

262 4079 382 4160 juratus
414 4093 443 4139 et
476 4077 617 4139 concivis
649 4093 756 4138 noster
788 4075 872 4136 lilius
905 4075 1090 4154 Michaelis,
1122 4089 1262 4136 nostram
1296 4074 1428 4134 veniens
1452 4088 1524 4152 etc,

262 4186 356 4247 nobis
379 4185 457 4247 scire
483 4185 615 4261 curavit,
641 4199 675 4244 ut
699 4183 837 4264 quedam
863 4184 955 4243 litera
979 4202 1035 4242 sua
1068 4202 1163 4263 super
1188 4181 1328 4262 quadam
1353 4179 1524 4241 medietate

262 4293 428 4354 cuiusdam
455 4290 546 4352 fundi
570 4291 618 4351 sui
645 4310 681 4352 ac
706 4288 928 4350 hedificiorum
953 4289 984 4348 in
1010 4288 1081 4348 vico
1099 4287 1247 4349 exteriori
1272 4299 1416 4348 sutorum
1442 4285 1525 4346 dicte

262 4400 397 4461 civitatis
421 4399 569 4476 existens,
592 4399 652 4458 sub
676 4396 784 4476 sigillo
810 4410 919 4456 nostro
952 4393 1109 4472 confecta,
1133 4393 1223 4454 cuius
1247 4393 1344 4454 aliam
1369 4392 1523 4454 medieta-

261 4521 326 4568 tem
351 4505 513 4567 Johannes
536 4520 626 4565 sutor
643 4502 729 4564 lwlro
753 4502 857 4564 dictus
873 4501 1050 4562 dinoscitur
1067 4499 1241 4581 possidere,
1258 4519 1293 4560 ac
1312 4499 1392 4559 inter
1410 4498 1525 4558 domos

262 4627 292 4675 et
316 4611 463 4674 hedificia
487 4613 630 4672 virorum
656 4609 865 4690 providorum
892 4607 1032 4690 Philippi
1056 4607 1182 4686 sutoris,
1208 4626 1224 4667 a
1250 4606 1343 4688 plaga
1369 4603 1523 4665 meridio-

262 4720 338 4798 nali,
363 4733 393 4780 et
417 4717 573 4779 Anthonii
597 4717 745 4778 similiter
769 4715 885 4776 sutoris
914 4715 1020 4799 Segyn
1054 4713 1141 4790 dicti,
1165 4734 1183 4774 a
1207 4726 1295 4794 parte
1320 4710 1523 4793 septemtrio·

262 4827 326 4889 nali
351 4825 506 4903 habitam,
531 4824 654 4885 dudum
687 4823 812 4905 perdita
844 4821 1010 4884 casualiter
1044 4835 1074 4882 et
1109 4820 1269 4898 ammissa,
1294 4833 1324 4880 et
1356 4819 1431 4900 quia
1456 4817 1523 4898 ipsa

262 4934 352 4995 litera
376 4932 416 4993 ad
441 4933 556 4994 trinam
589 4929 749 4992 forensem
784 4928 1076 5012 proclamacionem
1110 4927 1224 4988 nullibi
1258 4925 1394 4986 inveniri
1419 4924 1523 5007 potuit

262 5039 335 5101 ideo
360 5057 419 5099 nos
443 5037 578 5099 eandem
603 5037 708 5098 eidem
737 5037 906 5098 statuimus
937 5047 1094 5116 perpetuo
1126 5031 1356 5115 possidendam
1381 5043 1411 5092 et
1435 5030 1522 5112 juxta
