<?xml version="1.0" encoding="UTF-8"?>
<!DOCTYPE html PUBLIC "-//W3C//DTD XHTML 1.0 Transitional//EN"
    "http://www.w3.org/TR/xhtml1/DTD/xhtml1-transitional.dtd">
<html xmlns="http://www.w3.org/1999/xhtml" xml:lang="en" lang="en">
 <head>
  <title>
</title>
<meta http-equiv="Content-Type" content="text/html;charset=utf-8" />
  <meta name='ocr-system' content='tesseract 3.04.00' />
  <meta name='ocr-capabilities' content='ocr_page ocr_carea ocr_par ocr_line ocrx_word'/>
</head>
<body>
  <div class='ocr_page' id='page_1' title='image "./monumentahistor21laszgoog_0133.png"; bbox 0 0 3816 5802; ppageno 0'>
   <div class='ocr_carea' id='block_1_1' title="bbox 608 1588 1274 1694">
    <p class='ocr_par' dir='ltr' id='par_1_1' title="bbox 608 1588 1274 1694">
     <span class='ocr_line' id='line_1_1' title="bbox 608 1588 1274 1694; baseline 0 -14"><span class='ocrx_word' id='word_1_1' title='bbox 608 1592 721 1680; x_wconf 77' lang='lat' dir='ltr'>Auno</span> <span class='ocrx_word' id='word_1_2' title='bbox 749 1590 906 1681; x_wconf 84' lang='lat' dir='ltr'><strong>Domini</strong></span> <span class='ocrx_word' id='word_1_3' title='bbox 933 1588 1274 1694; x_wconf 77' lang='lat' dir='ltr'>utcoooxovm)</span> 
     </span>
    </p>
   </div>
   <div class='ocr_carea' id='block_1_2' title="bbox 302 1929 1568 2877">
    <p class='ocr_par' dir='ltr' id='par_1_2' title="bbox 302 1929 1568 2877">
     <span class='ocr_line' id='line_1_2' title="bbox 305 1929 1565 2031; baseline -0.002 -23"><span class='ocrx_word' id='word_1_4' title='bbox 305 1931 395 2008; x_wconf 88' lang='lat' dir='ltr'>Item</span> <span class='ocrx_word' id='word_1_5' title='bbox 422 1933 457 2007; x_wconf 93' lang='lat' dir='ltr'>in</span> <span class='ocrx_word' id='word_1_6' title='bbox 486 1955 580 2008; x_wconf 91' lang='lat' dir='ltr'>anno</span> <span class='ocrx_word' id='word_1_7' title='bbox 618 1929 763 2007; x_wconf 87' lang='lat' dir='ltr'>Domini</span> <span class='ocrx_word' id='word_1_8' title='bbox 797 1929 985 2007; x_wconf 87' lang='lat' dir='ltr'>millesimo</span> <span class='ocrx_word' id='word_1_9' title='bbox 1023 1929 1378 2031; x_wconf 89' lang='lat' dir='ltr'>quadringentesimo</span> <span class='ocrx_word' id='word_1_10' title='bbox 1416 1931 1565 2030; x_wconf 91' lang='lat' dir='ltr'>quadra·</span> 
     </span>
     <span class='ocr_line' id='line_1_3' title="bbox 302 2051 1566 2155; baseline -0.002 -23"><span class='ocrx_word' id='word_1_11' title='bbox 302 2055 445 2155; x_wconf 86' lang='lat' dir='ltr'>gesimo</span> <span class='ocrx_word' id='word_1_12' title='bbox 475 2065 628 2148; x_wconf 89' lang='lat' dir='ltr'>octavo,</span> <span class='ocrx_word' id='word_1_13' title='bbox 657 2063 822 2155; x_wconf 92' lang='lat' dir='ltr'>tempore</span> <span class='ocrx_word' id='word_1_14' title='bbox 850 2055 1031 2154; x_wconf 89' lang='lat' dir='ltr'>judicatus</span> <span class='ocrx_word' id='word_1_15' title='bbox 1075 2051 1139 2130; x_wconf 92' lang='lat' dir='ltr'>viri</span> <span class='ocrx_word' id='word_1_16' title='bbox 1177 2054 1315 2155; x_wconf 88' lang='lat' dir='ltr'>providi</span> <span class='ocrx_word' id='word_1_17' title='bbox 1354 2063 1391 2131; x_wconf 92' lang='lat' dir='ltr'>et</span> <span class='ocrx_word' id='word_1_18' title='bbox 1424 2055 1566 2130; x_wconf 88' lang='lat' dir='ltr'>honesti</span> 
     </span>
     <span class='ocr_line' id='line_1_4' title="bbox 303 2177 1568 2278; baseline -0.001 -23"><span class='ocrx_word' id='word_1_19' title='bbox 303 2179 448 2255; x_wconf 87' lang='lat' dir='ltr'>Andree</span> <span class='ocrx_word' id='word_1_20' title='bbox 472 2177 600 2278; x_wconf 88' lang='lat' dir='ltr'>judicis</span> <span class='ocrx_word' id='word_1_21' title='bbox 628 2180 744 2254; x_wconf 86' lang='lat' dir='ltr'>nostri</span> <span class='ocrx_word' id='word_1_22' title='bbox 792 2179 953 2256; x_wconf 90' lang='lat' dir='ltr'>moderni</span> <span class='ocrx_word' id='word_1_23' title='bbox 989 2177 1049 2254; x_wconf 91' lang='lat' dir='ltr'>filii</span> <span class='ocrx_word' id='word_1_24' title='bbox 1077 2179 1279 2270; x_wconf 87' lang='lat' dir='ltr'>Michaelis,</span> <span class='ocrx_word' id='word_1_25' title='bbox 1307 2177 1398 2255; x_wconf 87' lang='lat' dir='ltr'>feria</span> <span class='ocrx_word' id='word_1_26' title='bbox 1440 2186 1568 2278; x_wconf 87' lang='lat' dir='ltr'>quarta</span> 
     </span>
     <span class='ocr_line' id='line_1_5' title="bbox 304 2301 1566 2404; baseline 0.001 -27"><span class='ocrx_word' id='word_1_27' title='bbox 304 2304 467 2403; x_wconf 88' lang='lat' dir='ltr'>proxima</span> <span class='ocrx_word' id='word_1_28' title='bbox 503 2311 588 2379; x_wconf 91' lang='lat' dir='ltr'>ante</span> <span class='ocrx_word' id='word_1_29' title='bbox 625 2303 759 2380; x_wconf 85' lang='lat' dir='ltr'>festum</span> <span class='ocrx_word' id='word_1_30' title='bbox 796 2301 1064 2379; x_wconf 86' lang='lat' dir='ltr'>Purificacionis</span> <span class='ocrx_word' id='word_1_31' title='bbox 1094 2303 1203 2379; x_wconf 91' lang='lat' dir='ltr'>beate</span> <span class='ocrx_word' id='word_1_32' title='bbox 1241 2325 1384 2404; x_wconf 85' lang='lat' dir='ltr'>semper</span> <span class='ocrx_word' id='word_1_33' title='bbox 1418 2303 1566 2403; x_wconf 87' lang='lat' dir='ltr'>virginis</span> 
     </span>
     <span class='ocr_line' id='line_1_6' title="bbox 303 2425 1568 2527; baseline 0 -25"><span class='ocrx_word' id='word_1_34' title='bbox 303 2425 427 2519; x_wconf 89' lang='lat' dir='ltr'>Marie,</span> <span class='ocrx_word' id='word_1_35' title='bbox 454 2451 604 2527; x_wconf 90' lang='lat' dir='ltr'>presens</span> <span class='ocrx_word' id='word_1_36' title='bbox 634 2429 822 2504; x_wconf 92' lang='lat' dir='ltr'>katernum</span> <span class='ocrx_word' id='word_1_37' title='bbox 842 2435 901 2503; x_wconf 88' lang='lat' dir='ltr'>est</span> <span class='ocrx_word' id='word_1_38' title='bbox 928 2427 1062 2504; x_wconf 84' lang='lat' dir='ltr'>iactum</span> <span class='ocrx_word' id='word_1_39' title='bbox 1092 2451 1200 2527; x_wconf 92' lang='lat' dir='ltr'>super</span> <span class='ocrx_word' id='word_1_40' title='bbox 1227 2427 1491 2526; x_wconf 87' lang='lat' dir='ltr'>registracione</span> <span class='ocrx_word' id='word_1_41' title='bbox 1530 2436 1568 2502; x_wconf 88' lang='lat' dir='ltr'>et</span> 
     </span>
     <span class='ocr_line' id='line_1_7' title="bbox 304 2551 1568 2652; baseline 0.001 -27"><span class='ocrx_word' id='word_1_42' title='bbox 304 2552 584 2650; x_wconf 86' lang='lat' dir='ltr'>consignacione</span> <span class='ocrx_word' id='word_1_43' title='bbox 623 2561 801 2628; x_wconf 88' lang='lat' dir='ltr'>certarum</span> <span class='ocrx_word' id='word_1_44' title='bbox 838 2552 1021 2628; x_wconf 89' lang='lat' dir='ltr'>literarum</span> <span class='ocrx_word' id='word_1_45' title='bbox 1063 2551 1332 2652; x_wconf 88' lang='lat' dir='ltr'>privilegialium</span> <span class='ocrx_word' id='word_1_46' title='bbox 1370 2552 1496 2627; x_wconf 90' lang='lat' dir='ltr'>civium</span> <span class='ocrx_word' id='word_1_47' title='bbox 1530 2559 1568 2627; x_wconf 90' lang='lat' dir='ltr'>et</span> 
     </span>
     <span class='ocr_line' id='line_1_8' title="bbox 302 2673 1562 2776; baseline 0 -26"><span class='ocrx_word' id='word_1_48' title='bbox 302 2673 544 2751; x_wconf 80' lang='lat' dir='ltr'>habitatorum</span> <span class='ocrx_word' id='word_1_49' title='bbox 574 2677 730 2752; x_wconf 90' lang='lat' dir='ltr'>civitatis</span> <span class='ocrx_word' id='word_1_50' title='bbox 759 2675 920 2776; x_wconf 89' lang='lat' dir='ltr'>predicte</span> <span class='ocrx_word' id='word_1_51' title='bbox 958 2699 1066 2776; x_wconf 90' lang='lat' dir='ltr'>super</span> <span class='ocrx_word' id='word_1_52' title='bbox 1102 2675 1396 2776; x_wconf 90' lang='lat' dir='ltr'>possessionibus</span> <span class='ocrx_word' id='word_1_53' title='bbox 1426 2697 1562 2752; x_wconf 89' lang='lat' dir='ltr'>eorum-</span> 
     </span>
     <span class='ocr_line' id='line_1_9' title="bbox 305 2799 1563 2877; baseline 0 -3"><span class='ocrx_word' id='word_1_54' title='bbox 305 2799 385 2874; x_wconf 89' lang='lat' dir='ltr'>dem</span> <span class='ocrx_word' id='word_1_55' title='bbox 415 2800 542 2875; x_wconf 89' lang='lat' dir='ltr'>civium</span> <span class='ocrx_word' id='word_1_56' title='bbox 562 2809 600 2876; x_wconf 89' lang='lat' dir='ltr'>et</span> <span class='ocrx_word' id='word_1_57' title='bbox 618 2800 860 2877; x_wconf 89' lang='lat' dir='ltr'>habitatorum</span> <span class='ocrx_word' id='word_1_58' title='bbox 889 2799 980 2876; x_wconf 87' lang='lat' dir='ltr'>infra</span> <span class='ocrx_word' id='word_1_59' title='bbox 1008 2801 1273 2876; x_wconf 89' lang='lat' dir='ltr'>nominatorum</span> <span class='ocrx_word' id='word_1_60' title='bbox 1301 2800 1335 2874; x_wconf 92' lang='lat' dir='ltr'>in</span> <span class='ocrx_word' id='word_1_61' title='bbox 1365 2799 1462 2876; x_wconf 89' lang='lat' dir='ltr'>dicta</span> <span class='ocrx_word' id='word_1_62' title='bbox 1482 2800 1563 2875; x_wconf 88' lang='lat' dir='ltr'>civi-</span> 
     </span>
    </p>
   </div>
   <div class='ocr_carea' id='block_1_3' title="bbox 303 2923 1566 3148">
    <p class='ocr_par' dir='ltr' id='par_1_3' title="bbox 303 2923 1566 3148">
     <span class='ocr_line' id='line_1_10' title="bbox 303 2923 1562 3024; baseline -0.001 -25"><span class='ocrx_word' id='word_1_63' title='bbox 303 2931 382 3000; x_wconf 91' lang='lat' dir='ltr'>tate</span> <span class='ocrx_word' id='word_1_64' title='bbox 412 2932 450 3000; x_wconf 90' lang='lat' dir='ltr'>et</span> <span class='ocrx_word' id='word_1_65' title='bbox 485 2924 561 3000; x_wconf 90' lang='lat' dir='ltr'>eius</span> <span class='ocrx_word' id='word_1_66' title='bbox 596 2925 780 3001; x_wconf 90' lang='lat' dir='ltr'>territorio</span> <span class='ocrx_word' id='word_1_67' title='bbox 817 2925 1029 3016; x_wconf 91' lang='lat' dir='ltr'>habitarum,</span> <span class='ocrx_word' id='word_1_68' title='bbox 1067 2923 1339 3024; x_wconf 86' lang='lat' dir='ltr'>privilegialiter</span> <span class='ocrx_word' id='word_1_69' title='bbox 1375 2923 1440 2999; x_wconf 92' lang='lat' dir='ltr'>sub</span> <span class='ocrx_word' id='word_1_70' title='bbox 1478 2946 1562 3024; x_wconf 92' lang='lat' dir='ltr'>pen·</span> 
     </span>
     <span class='ocr_line' id='line_1_11' title="bbox 304 3045 1566 3148; baseline -0.001 -26"><span class='ocrx_word' id='word_1_71' title='bbox 304 3047 401 3124; x_wconf 92' lang='lat' dir='ltr'>denti</span> <span class='ocrx_word' id='word_1_72' title='bbox 420 3047 541 3148; x_wconf 85' lang='lat' dir='ltr'>sigillo</span> <span class='ocrx_word' id='word_1_73' title='bbox 571 3049 836 3124; x_wconf 89' lang='lat' dir='ltr'>communitatis</span> <span class='ocrx_word' id='word_1_74' title='bbox 857 3047 1102 3124; x_wconf 88' lang='lat' dir='ltr'>confectarum</span> <span class='ocrx_word' id='word_1_75' title='bbox 1123 3055 1162 3124; x_wconf 93' lang='lat' dir='ltr'>et</span> <span class='ocrx_word' id='word_1_76' title='bbox 1187 3055 1432 3124; x_wconf 86' lang='lat' dir='ltr'>emanatarum</span> <span class='ocrx_word' id='word_1_77' title='bbox 1458 3045 1566 3121; x_wconf 92' lang='lat' dir='ltr'>modo</span> 
     </span>
    </p>
   </div>
   <div class='ocr_carea' id='block_1_4' title="bbox 824 3173 1065 3274">
    <p class='ocr_par' dir='ltr' id='par_1_4' title="bbox 824 3173 1065 3274">
     <span class='ocr_line' id='line_1_12' title="bbox 824 3173 1065 3274; baseline 0 -26"><span class='ocrx_word' id='word_1_78' title='bbox 824 3173 1065 3274; x_wconf 81' lang='lat' dir='ltr'>infrascripto.</span> 
     </span>
    </p>
   </div>
   <div class='ocr_carea' id='block_1_5' title="bbox 814 3387 1054 3463">
    <p class='ocr_par' dir='ltr' id='par_1_5' title="bbox 814 3387 1054 3463">
     <span class='ocr_line' id='line_1_13' title="bbox 814 3387 1054 3463; baseline 0.021 -20"><span class='ocrx_word' id='word_1_79' title='bbox 814 3395 873 3463; x_wconf 79' lang='lat'>(31.</span> <span class='ocrx_word' id='word_1_80' title='bbox 889 3387 1054 3462; x_wconf 71' lang='lat' dir='ltr'>junuarii).</span> 
     </span>
    </p>
   </div>
   <div class='ocr_carea' id='block_1_6' title="bbox 305 3523 1569 5104">
    <p class='ocr_par' dir='ltr' id='par_1_6' title="bbox 305 3523 1569 4549">
     <span class='ocr_line' id='line_1_14' title="bbox 412 3523 1567 3610; baseline -0.002 -22"><span class='ocrx_word' id='word_1_81' title='bbox 412 3525 490 3588; x_wconf 86' lang='lat' dir='ltr'>Item</span> <span class='ocrx_word' id='word_1_82' title='bbox 516 3527 674 3588; x_wconf 80' lang='lat' dir='ltr'>Martinus</span> <span class='ocrx_word' id='word_1_83' title='bbox 689 3539 778 3588; x_wconf 84' lang='lat' dir='ltr'>sutor</span> <span class='ocrx_word' id='word_1_84' title='bbox 802 3525 886 3588; x_wconf 87' lang='lat' dir='ltr'>filius</span> <span class='ocrx_word' id='word_1_85' title='bbox 904 3525 1033 3610; x_wconf 83' lang='lat' dir='ltr'>Muthye</span> <span class='ocrx_word' id='word_1_86' title='bbox 1058 3525 1097 3587; x_wconf 88' lang='lat' dir='ltr'>de</span> <span class='ocrx_word' id='word_1_87' title='bbox 1115 3525 1247 3610; x_wconf 88' lang='lat' dir='ltr'>Dedych</span> <span class='ocrx_word' id='word_1_88' title='bbox 1271 3523 1435 3607; x_wconf 79' lang='lat' dir='ltr'>quandam</span> <span class='ocrx_word' id='word_1_89' title='bbox 1452 3524 1567 3586; x_wconf 88' lang='lat' dir='ltr'>silvam</span> 
     </span>
     <span class='ocr_line' id='line_1_15' title="bbox 307 3632 1569 3715; baseline -0.003 -19"><span class='ocrx_word' id='word_1_90' title='bbox 307 3652 365 3696; x_wconf 87' lang='lat' dir='ltr'>seu</span> <span class='ocrx_word' id='word_1_91' title='bbox 388 3633 516 3696; x_wconf 83' lang='lat' dir='ltr'>vineam</span> <span class='ocrx_word' id='word_1_92' title='bbox 543 3632 701 3696; x_wconf 84' lang='lat' dir='ltr'>desertam</span> <span class='ocrx_word' id='word_1_93' title='bbox 718 3653 808 3696; x_wconf 86' lang='lat' dir='ltr'>suam</span> <span class='ocrx_word' id='word_1_94' title='bbox 826 3635 859 3695; x_wconf 92' lang='lat' dir='ltr'>in</span> <span class='ocrx_word' id='word_1_95' title='bbox 876 3635 1037 3696; x_wconf 87' lang='lat' dir='ltr'>territorio</span> <span class='ocrx_word' id='word_1_96' title='bbox 1054 3633 1190 3697; x_wconf 85' lang='lat' dir='ltr'>civitatis</span> <span class='ocrx_word' id='word_1_97' title='bbox 1207 3633 1348 3715; x_wconf 85' lang='lat' dir='ltr'>predicte</span> <span class='ocrx_word' id='word_1_98' title='bbox 1373 3633 1456 3694; x_wconf 89' lang='lat' dir='ltr'>inter</span> <span class='ocrx_word' id='word_1_99' title='bbox 1472 3632 1569 3694; x_wconf 82' lang='lat' dir='ltr'>silvas</span> 
     </span>
     <span class='ocr_line' id='line_1_16' title="bbox 307 3739 1568 3823; baseline -0.002 -21"><span class='ocrx_word' id='word_1_100' title='bbox 307 3741 483 3802; x_wconf 87' lang='lat' dir='ltr'>liberorum</span> <span class='ocrx_word' id='word_1_101' title='bbox 517 3740 655 3802; x_wconf 86' lang='lat' dir='ltr'>condam</span> <span class='ocrx_word' id='word_1_102' title='bbox 689 3740 841 3823; x_wconf 85' lang='lat' dir='ltr'>Symonis</span> <span class='ocrx_word' id='word_1_103' title='bbox 873 3741 1012 3802; x_wconf 89' lang='lat' dir='ltr'>linitoris</span> <span class='ocrx_word' id='word_1_104' title='bbox 1043 3755 1074 3802; x_wconf 90' lang='lat' dir='ltr'>et</span> <span class='ocrx_word' id='word_1_105' title='bbox 1097 3740 1273 3802; x_wconf 92' lang='lat' dir='ltr'>liberorum</span> <span class='ocrx_word' id='word_1_106' title='bbox 1306 3739 1444 3802; x_wconf 84' lang='lat' dir='ltr'>condam</span> <span class='ocrx_word' id='word_1_107' title='bbox 1476 3739 1568 3801; x_wconf 83' lang='lat' dir='ltr'>Pauli</span> 
     </span>
     <span class='ocr_line' id='line_1_17' title="bbox 307 3845 1566 3932; baseline -0.001 -24"><span class='ocrx_word' id='word_1_108' title='bbox 307 3846 531 3932; x_wconf 87' lang='lat' dir='ltr'>Duymowyeb</span> <span class='ocrx_word' id='word_1_109' title='bbox 555 3846 708 3926; x_wconf 82' lang='lat' dir='ltr'>habitam,</span> <span class='ocrx_word' id='word_1_110' title='bbox 726 3846 863 3930; x_wconf 88' lang='lat' dir='ltr'>desuper</span> <span class='ocrx_word' id='word_1_111' title='bbox 887 3867 904 3908; x_wconf 90' lang='lat' dir='ltr'>a</span> <span class='ocrx_word' id='word_1_112' title='bbox 925 3847 976 3908; x_wconf 89' lang='lat' dir='ltr'>via</span> <span class='ocrx_word' id='word_1_113' title='bbox 993 3848 1157 3908; x_wconf 90' lang='lat' dir='ltr'>communi</span> <span class='ocrx_word' id='word_1_114' title='bbox 1176 3867 1232 3930; x_wconf 87' lang='lat' dir='ltr'>per</span> <span class='ocrx_word' id='word_1_115' title='bbox 1256 3859 1375 3908; x_wconf 85' lang='lat' dir='ltr'>metam</span> <span class='ocrx_word' id='word_1_116' title='bbox 1400 3845 1566 3908; x_wconf 81' lang='lat' dir='ltr'>cuiusdam</span> 
     </span>
     <span class='ocr_line' id='line_1_18' title="bbox 306 3952 1567 4035; baseline -0.002 -20"><span class='ocrx_word' id='word_1_117' title='bbox 306 3953 428 4015; x_wconf 87' lang='lat' dir='ltr'>arboris</span> <span class='ocrx_word' id='word_1_118' title='bbox 452 3973 571 4016; x_wconf 89' lang='lat' dir='ltr'>nucum</span> <span class='ocrx_word' id='word_1_119' title='bbox 596 3953 831 4030; x_wconf 85' lang='lat' dir='ltr'>intermediam,</span> <span class='ocrx_word' id='word_1_120' title='bbox 849 3952 931 4016; x_wconf 87' lang='lat' dir='ltr'>inira</span> <span class='ocrx_word' id='word_1_121' title='bbox 956 3973 1057 4035; x_wconf 90' lang='lat' dir='ltr'>usque</span> <span class='ocrx_word' id='word_1_122' title='bbox 1076 3954 1227 4033; x_wconf 85' lang='lat' dir='ltr'>rivulum,</span> <span class='ocrx_word' id='word_1_123' title='bbox 1252 3972 1324 4014; x_wconf 90' lang='lat' dir='ltr'>cum</span> <span class='ocrx_word' id='word_1_124' title='bbox 1350 3953 1490 4034; x_wconf 80' lang='lat' dir='ltr'>virgulto</span> <span class='ocrx_word' id='word_1_125' title='bbox 1507 3953 1567 4014; x_wconf 83' lang='lat' dir='ltr'>sibi</span> 
     </span>
     <span class='ocr_line' id='line_1_19' title="bbox 305 4059 1567 4142; baseline -0.001 -20"><span class='ocrx_word' id='word_1_126' title='bbox 305 4059 494 4140; x_wconf 86' lang='lat' dir='ltr'>subjacenti,</span> <span class='ocrx_word' id='word_1_127' title='bbox 511 4080 687 4142; x_wconf 82' lang='lat' dir='ltr'>securaque</span> <span class='ocrx_word' id='word_1_128' title='bbox 705 4061 755 4122; x_wconf 87' lang='lat' dir='ltr'>via</span> <span class='ocrx_word' id='word_1_129' title='bbox 772 4074 835 4122; x_wconf 84' lang='lat' dir='ltr'>tarn</span> <span class='ocrx_word' id='word_1_130' title='bbox 855 4061 991 4142; x_wconf 89' lang='lat' dir='ltr'>desuper</span> <span class='ocrx_word' id='word_1_131' title='bbox 1015 4079 1112 4142; x_wconf 88' lang='lat' dir='ltr'>quam</span> <span class='ocrx_word' id='word_1_132' title='bbox 1129 4061 1169 4122; x_wconf 85' lang='lat' dir='ltr'>ab</span> <span class='ocrx_word' id='word_1_133' title='bbox 1187 4059 1268 4122; x_wconf 87' lang='lat' dir='ltr'>inira</span> <span class='ocrx_word' id='word_1_134' title='bbox 1293 4060 1431 4122; x_wconf 86' lang='lat' dir='ltr'>intrandi</span> <span class='ocrx_word' id='word_1_135' title='bbox 1450 4073 1481 4122; x_wconf 91' lang='lat' dir='ltr'>et</span> <span class='ocrx_word' id='word_1_136' title='bbox 1496 4079 1567 4121; x_wconf 88' lang='lat' dir='ltr'>erre·</span> 
     </span>
     <span class='ocr_line' id='line_1_20' title="bbox 306 4166 1568 4250; baseline 0.001 -22"><span class='ocrx_word' id='word_1_137' title='bbox 306 4167 384 4228; x_wconf 89' lang='lat' dir='ltr'>undi</span> <span class='ocrx_word' id='word_1_138' title='bbox 408 4186 442 4228; x_wconf 88' lang='lat' dir='ltr'>se</span> <span class='ocrx_word' id='word_1_139' title='bbox 466 4167 703 4245; x_wconf 82' lang='lat' dir='ltr'>extendentem,</span> <span class='ocrx_word' id='word_1_140' title='bbox 729 4166 904 4229; x_wconf 88' lang='lat' dir='ltr'>Benedicto</span> <span class='ocrx_word' id='word_1_141' title='bbox 928 4166 995 4228; x_wconf 89' lang='lat' dir='ltr'>filio</span> <span class='ocrx_word' id='word_1_142' title='bbox 1020 4167 1175 4229; x_wconf 88' lang='lat' dir='ltr'>Jobannis</span> <span class='ocrx_word' id='word_1_143' title='bbox 1199 4167 1274 4228; x_wconf 91' lang='lat' dir='ltr'>dicti</span> <span class='ocrx_word' id='word_1_144' title='bbox 1301 4166 1484 4230; x_wconf 86' lang='lat' dir='ltr'>Krathehen</span> <span class='ocrx_word' id='word_1_145' title='bbox 1509 4187 1568 4250; x_wconf 93' lang='lat' dir='ltr'>pro</span> 
     </span>
     <span class='ocr_line' id='line_1_21' title="bbox 307 4273 1567 4357; baseline 0 -23"><span class='ocrx_word' id='word_1_146' title='bbox 307 4273 451 4355; x_wconf 89' lang='lat' dir='ltr'>quinque</span> <span class='ocrx_word' id='word_1_147' title='bbox 475 4273 544 4335; x_wconf 89' lang='lat' dir='ltr'>flor.</span> <span class='ocrx_word' id='word_1_148' title='bbox 570 4273 638 4334; x_wconf 87' lang='lat' dir='ltr'>auri</span> <span class='ocrx_word' id='word_1_149' title='bbox 664 4287 694 4335; x_wconf 90' lang='lat' dir='ltr'>et</span> <span class='ocrx_word' id='word_1_150' title='bbox 718 4292 776 4356; x_wconf 93' lang='lat' dir='ltr'>pro</span> <span class='ocrx_word' id='word_1_151' title='bbox 801 4288 939 4355; x_wconf 87' lang='lat' dir='ltr'>quatuor</span> <span class='ocrx_word' id='word_1_152' title='bbox 963 4275 1069 4357; x_wconf 86' lang='lat' dir='ltr'>pensis</span> <span class='ocrx_word' id='word_1_153' title='bbox 1094 4274 1300 4336; x_wconf 83' lang='lat' dir='ltr'>denariorum</span> <span class='ocrx_word' id='word_1_154' title='bbox 1329 4274 1474 4336; x_wconf 85' lang='lat' dir='ltr'>vendidit</span> <span class='ocrx_word' id='word_1_155' title='bbox 1498 4293 1567 4356; x_wconf 92' lang='lat' dir='ltr'>per-</span> 
     </span>
     <span class='ocr_line' id='line_1_22' title="bbox 307 4379 1567 4464; baseline -0.002 -22"><span class='ocrx_word' id='word_1_156' title='bbox 307 4393 405 4462; x_wconf 90' lang='lat' dir='ltr'>petuo</span> <span class='ocrx_word' id='word_1_157' title='bbox 425 4379 652 4461; x_wconf 82' lang='lat' dir='ltr'>possidendam</span> <span class='ocrx_word' id='word_1_158' title='bbox 678 4393 708 4442; x_wconf 91' lang='lat' dir='ltr'>et</span> <span class='ocrx_word' id='word_1_159' title='bbox 732 4381 905 4463; x_wconf 84' lang='lat' dir='ltr'>superinde</span> <span class='ocrx_word' id='word_1_160' title='bbox 923 4395 968 4442; x_wconf 89' lang='lat' dir='ltr'>est</span> <span class='ocrx_word' id='word_1_161' title='bbox 992 4381 1082 4442; x_wconf 83' lang='lat' dir='ltr'>litera</span> <span class='ocrx_word' id='word_1_162' title='bbox 1106 4382 1165 4442; x_wconf 90' lang='lat' dir='ltr'>sub</span> <span class='ocrx_word' id='word_1_163' title='bbox 1182 4381 1336 4464; x_wconf 88' lang='lat' dir='ltr'>pendenti</span> <span class='ocrx_word' id='word_1_164' title='bbox 1360 4381 1567 4462; x_wconf 86' lang='lat' dir='ltr'>sigillocom·</span> 
     </span>
     <span class='ocr_line' id='line_1_23' title="bbox 307 4486 653 4549; baseline 0 -1"><span class='ocrx_word' id='word_1_165' title='bbox 307 4486 472 4548; x_wconf 84' lang='lat' dir='ltr'>munitatis</span> <span class='ocrx_word' id='word_1_166' title='bbox 496 4497 653 4549; x_wconf 83' lang='lat' dir='ltr'>emanata.</span> 
     </span>
    </p>

    <p class='ocr_par' dir='ltr' id='par_1_7' title="bbox 307 4592 1566 5104">
     <span class='ocr_line' id='line_1_24' title="bbox 412 4592 1566 4674; baseline 0 -20"><span class='ocrx_word' id='word_1_167' title='bbox 412 4592 491 4655; x_wconf 90' lang='lat' dir='ltr'>Item</span> <span class='ocrx_word' id='word_1_168' title='bbox 516 4593 655 4674; x_wconf 86' lang='lat' dir='ltr'>quedam</span> <span class='ocrx_word' id='word_1_169' title='bbox 683 4594 776 4654; x_wconf 88' lang='lat' dir='ltr'>vinea</span> <span class='ocrx_word' id='word_1_170' title='bbox 801 4593 832 4654; x_wconf 93' lang='lat' dir='ltr'>in</span> <span class='ocrx_word' id='word_1_171' title='bbox 857 4593 1016 4655; x_wconf 88' lang='lat' dir='ltr'>territorio</span> <span class='ocrx_word' id='word_1_172' title='bbox 1049 4594 1185 4656; x_wconf 82' lang='lat' dir='ltr'>civitatis</span> <span class='ocrx_word' id='word_1_173' title='bbox 1210 4595 1291 4655; x_wconf 90' lang='lat' dir='ltr'>inter</span> <span class='ocrx_word' id='word_1_174' title='bbox 1315 4595 1424 4656; x_wconf 84' lang='lat' dir='ltr'>vincas</span> <span class='ocrx_word' id='word_1_175' title='bbox 1448 4593 1566 4655; x_wconf 85' lang='lat' dir='ltr'>libero·</span> 
     </span>
     <span class='ocr_line' id='line_1_25' title="bbox 307 4699 1566 4783; baseline 0.001 -22"><span class='ocrx_word' id='word_1_176' title='bbox 307 4718 377 4762; x_wconf 90' lang='lat' dir='ltr'>rum</span> <span class='ocrx_word' id='word_1_177' title='bbox 403 4699 541 4762; x_wconf 87' lang='lat' dir='ltr'>condam</span> <span class='ocrx_word' id='word_1_178' title='bbox 559 4699 645 4763; x_wconf 84' lang='lat' dir='ltr'>Galli</span> <span class='ocrx_word' id='word_1_179' title='bbox 670 4713 702 4762; x_wconf 88' lang='lat' dir='ltr'>et</span> <span class='ocrx_word' id='word_1_180' title='bbox 717 4701 893 4762; x_wconf 90' lang='lat' dir='ltr'>liberorum</span> <span class='ocrx_word' id='word_1_181' title='bbox 912 4700 1048 4762; x_wconf 83' lang='lat' dir='ltr'>condam</span> <span class='ocrx_word' id='word_1_182' title='bbox 1067 4699 1221 4762; x_wconf 78' lang='lat' dir='ltr'>iohannis</span> <span class='ocrx_word' id='word_1_183' title='bbox 1238 4700 1352 4780; x_wconf 84' lang='lat' dir='ltr'>judicis</span> <span class='ocrx_word' id='word_1_184' title='bbox 1370 4699 1446 4764; x_wconf 90' lang='lat' dir='ltr'>dicti</span> <span class='ocrx_word' id='word_1_185' title='bbox 1464 4700 1566 4783; x_wconf 89' lang='lat' dir='ltr'>Bolye</span> 
     </span>
     <span class='ocr_line' id='line_1_26' title="bbox 307 4805 1566 4889; baseline 0 -21"><span class='ocrx_word' id='word_1_186' title='bbox 307 4805 433 4886; x_wconf 79' lang='lat' dir='ltr'>babitu,</span> <span class='ocrx_word' id='word_1_187' title='bbox 465 4806 602 4889; x_wconf 83' lang='lat' dir='ltr'>desuper</span> <span class='ocrx_word' id='word_1_188' title='bbox 633 4807 726 4869; x_wconf 83' lang='lat' dir='ltr'>avio</span> <span class='ocrx_word' id='word_1_189' title='bbox 757 4807 922 4868; x_wconf 88' lang='lat' dir='ltr'>communi</span> <span class='ocrx_word' id='word_1_190' title='bbox 948 4819 979 4870; x_wconf 87' lang='lat' dir='ltr'>et</span> <span class='ocrx_word' id='word_1_191' title='bbox 1011 4805 1092 4869; x_wconf 83' lang='lat' dir='ltr'>inira</span> <span class='ocrx_word' id='word_1_192' title='bbox 1124 4827 1224 4888; x_wconf 89' lang='lat' dir='ltr'>usque</span> <span class='ocrx_word' id='word_1_193' title='bbox 1249 4807 1344 4869; x_wconf 86' lang='lat' dir='ltr'>aliam</span> <span class='ocrx_word' id='word_1_194' title='bbox 1370 4809 1455 4870; x_wconf 82' lang='lat' dir='ltr'>viam</span> <span class='ocrx_word' id='word_1_195' title='bbox 1479 4827 1566 4869; x_wconf 90' lang='lat' dir='ltr'>com·</span> 
     </span>
     <span class='ocr_line' id='line_1_27' title="bbox 307 4912 1566 4998; baseline 0.002 -24"><span class='ocrx_word' id='word_1_196' title='bbox 307 4931 437 4976; x_wconf 87' lang='lat' dir='ltr'>munem</span> <span class='ocrx_word' id='word_1_197' title='bbox 470 4933 502 4974; x_wconf 89' lang='lat' dir='ltr'>se</span> <span class='ocrx_word' id='word_1_198' title='bbox 534 4912 727 4993; x_wconf 83' lang='lat' dir='ltr'>extendens,</span> <span class='ocrx_word' id='word_1_199' title='bbox 759 4933 831 4976; x_wconf 88' lang='lat' dir='ltr'>cum</span> <span class='ocrx_word' id='word_1_200' title='bbox 871 4914 936 4975; x_wconf 87' lang='lat' dir='ltr'>suis</span> <span class='ocrx_word' id='word_1_201' title='bbox 966 4914 1157 4977; x_wconf 86' lang='lat' dir='ltr'>utilitatibus</span> <span class='ocrx_word' id='word_1_202' title='bbox 1189 4927 1219 4976; x_wconf 90' lang='lat' dir='ltr'>et</span> <span class='ocrx_word' id='word_1_203' title='bbox 1258 4915 1464 4998; x_wconf 86' lang='lat' dir='ltr'>pertinenciis</span> <span class='ocrx_word' id='word_1_204' title='bbox 1496 4915 1566 4976; x_wconf 93' lang='lat' dir='ltr'>uni·</span> 
     </span>
     <span class='ocr_line' id='line_1_28' title="bbox 307 5019 1566 5104; baseline 0.003 -23"><span class='ocrx_word' id='word_1_205' title='bbox 307 5019 415 5100; x_wconf 85' lang='lat' dir='ltr'>versis,</span> <span class='ocrx_word' id='word_1_206' title='bbox 439 5039 538 5103; x_wconf 88' lang='lat' dir='ltr'>quam</span> <span class='ocrx_word' id='word_1_207' title='bbox 562 5021 687 5082; x_wconf 85' lang='lat' dir='ltr'>Blasius</span> <span class='ocrx_word' id='word_1_208' title='bbox 710 5019 795 5084; x_wconf 85' lang='lat' dir='ltr'>filius</span> <span class='ocrx_word' id='word_1_209' title='bbox 812 5021 942 5084; x_wconf 86' lang='lat' dir='ltr'>Martini</span> <span class='ocrx_word' id='word_1_210' title='bbox 967 5021 1070 5084; x_wconf 85' lang='lat' dir='ltr'>dictus</span> <span class='ocrx_word' id='word_1_211' title='bbox 1088 5021 1218 5084; x_wconf 88' lang='lat' dir='ltr'>Krossel</span> <span class='ocrx_word' id='word_1_212' title='bbox 1244 5021 1368 5104; x_wconf 81' lang='lat' dir='ltr'>Agathe</span> <span class='ocrx_word' id='word_1_213' title='bbox 1392 5021 1455 5084; x_wconf 88' lang='lat' dir='ltr'>filie</span> <span class='ocrx_word' id='word_1_214' title='bbox 1481 5022 1566 5104; x_wconf 84' lang='lat' dir='ltr'>lega-</span> 
     </span>
    </p>
   </div>
   <div class='ocr_carea' id='block_1_7' title="bbox 0 0 1916 5802">
    <p class='ocr_par' dir='ltr' id='par_1_8' title="bbox 0 0 1916 5802">
     <span class='ocr_line' id='line_1_29' title="bbox 0 0 1916 5802; baseline 0 0"><span class='ocrx_word' id='word_1_215' title='bbox 0 0 1916 5802; x_wconf 95' lang='lat' dir='ltr'> </span> 
     </span>
    </p>
   </div>
  </div>
 </body>
</html>
