3816 5802
393 529 435 589 68
926 529 1012 586 Anno
1035 525 1129 606 1446.

392 739 549 802 Anthonii
574 739 765 819 Petrethich,
790 739 912 802 filiastri
937 743 997 820 sui,
1015 741 1172 823 personis,
1199 739 1363 821 quandam
1389 738 1523 800 domum
1548 757 1660 798 eorum

395 847 427 908 in
453 845 579 908 civitate
605 845 746 928 predicta
771 846 853 908 inter
870 848 986 910 domos
1010 863 1041 910 et
1058 847 1176 909 fundos
1194 846 1350 908 Demetrii
1368 846 1462 926 jurati
1487 858 1518 906 et
1536 845 1660 906 Nicolai

394 952 527 1014 cultoris
549 973 585 1014 ac
610 951 739 1016 Tltome
765 953 912 1014 similiter
936 955 1068 1016 cultoris
1086 968 1116 1015 et
1141 953 1226 1015 Petri
1244 951 1397 1033 lutifiguli
1422 951 1576 1030 habitam,
1594 971 1660 1012 me·

396 1060 483 1122 diam
510 1060 630 1122 curiam
657 1060 688 1120 in
714 1079 747 1121 se
771 1060 1002 1140 continentem,
1027 1080 1098 1123 cum
1124 1060 1189 1121 suis
1206 1059 1414 1142 pertinenciis
1439 1059 1567 1144 Mathye
1594 1077 1660 1119 car·

393 1166 540 1250 pentario
564 1164 633 1228 filio
658 1165 836 1228 Hermanni
861 1166 900 1228 de
924 1168 1072 1229 Zanabor
1103 1185 1189 1227 novo
1214 1165 1338 1227 concivi
1370 1179 1480 1226 nostro
1512 1163 1659 1225 vendidit

392 1286 548 1355 perpetuo
572 1271 799 1354 possidendam
817 1286 848 1335 et
871 1273 1043 1356 superinde
1073 1272 1179 1334 eidem
1206 1270 1333 1356 Mathye
1358 1271 1558 1354 carpentario
1584 1269 1656 1352 (est)

393 1379 484 1440 litera
509 1380 568 1440 sub
599 1379 753 1462 pendenti
777 1379 885 1461 sigillo
908 1379 1149 1441 communitatis
1173 1392 1330 1441 emanata.

498 1485 574 1548 ltem
601 1485 771 1567 religiosus
794 1486 842 1547 vir
867 1485 963 1548 irater
988 1485 1137 1564 Michael,
1163 1485 1339 1564 Heremita,
1363 1485 1500 1547 vicarius
1524 1482 1657 1546 fratrum

393 1593 631 1654 Heremitarum
667 1606 847 1654 conventus
877 1593 1006 1655 claustri
1040 1595 1132 1654 beate
1168 1593 1268 1655 Marie
1300 1611 1427 1674 semper
1450 1591 1583 1673 virginis
1618 1590 1658 1650 de

392 1699 617 1782 promontorio
641 1699 854 1779 zagrabiensi,
880 1699 911 1760 in
938 1720 994 1761 sua
1020 1714 1050 1761 et
1072 1700 1175 1760 tocius
1199 1713 1377 1760 conventus
1399 1696 1531 1760 fratrum
1556 1697 1660 1758 Here·

393 1807 543 1868 mirarum
569 1806 698 1868 claustri
734 1805 869 1888 predicti
902 1808 1059 1888 personis,
1092 1805 1254 1888 quandam
1289 1806 1423 1867 domum
1448 1823 1560 1867 eorum
1585 1825 1654 1866 tnu-

392 1926 493 1974 ratam
517 1912 613 1973 simul
638 1932 710 1973 cum
729 1911 830 1974 fundo
856 1927 886 1974 et
903 1911 1060 1974 hedificiis
1084 1913 1166 1976 inter
1183 1913 1280 1974 aliam
1304 1911 1438 1973 domum
1457 1930 1569 1973 eorum
1588 1930 1659 1971 mu-

393 2031 494 2080 ratam
519 2031 549 2080 et
572 2016 708 2080 fundum
734 2039 770 2081 ac
787 2015 946 2098 hedificia,
971 2040 988 2080 a
1013 2033 1101 2102 parte
1120 2019 1337 2097 meridionali,
1362 2039 1398 2079 ac
1415 2019 1496 2079 inter
1521 2018 1656 2078 domum

393 2125 534 2206 ligneam
560 2139 590 2185 et
622 2123 758 2186 lundum
787 2145 823 2187 ac
854 2125 1002 2187 hedificia
1036 2125 1215 2188 Sebastiani
1243 2124 1394 2186 Soldinar
1426 2139 1457 2186 et
1483 2123 1654 2186 Katherine

393 2250 448 2292 sue
474 2231 630 2293 consortis
662 2232 816 2310 habitam,
848 2251 944 2293 unam
982 2233 1139 2312 integram
1178 2232 1299 2292 curiam
1335 2231 1375 2292 ad
1408 2251 1501 2292 usum
1525 2230 1660 2292 civitatis

393 2336 533 2419 predicte
558 2338 589 2398 in
614 2359 648 2400 se
673 2339 905 2416 continentem,
930 2339 1073 2420 providis
1097 2339 1173 2400 viris
1197 2338 1298 2399 Paulo
1328 2337 1470 2400 sellatori
1495 2336 1562 2399 filio
1588 2338 1659 2399 Ste-

393 2442 491 2524 phani
515 2443 685 2522 sellatoris,
709 2445 836 2525 pridem
860 2444 966 2523 jurato
994 2459 1025 2506 et
1057 2445 1182 2506 concivi
1215 2459 1338 2522 nostro,
1369 2464 1405 2506 ac
1430 2445 1538 2506 Blasio
1564 2442 1659 2504 freni·

396 2549 463 2631 pari
487 2546 555 2610 filio
581 2547 743 2629 Gregorii,
761 2549 885 2611 concivi
903 2550 1051 2611 similiter
1068 2565 1190 2628 nostro,
1211 2551 1387 2632 unicuique
1412 2571 1524 2612 eorum
1542 2564 1659 2611 rectam

396 2668 426 2716 et
450 2655 598 2736 equalem
625 2655 831 2718 medietatem
857 2656 1045 2717 eorumdem
1064 2657 1181 2718 domus
1198 2671 1321 2718 murate
1338 2671 1369 2718 et
1394 2655 1484 2717 lundi
1509 2675 1545 2717 ac
1570 2655 1658 2716 hedi-

394 2759 553 2838 ficiorum,
579 2762 719 2823 mediam
744 2762 896 2824 videlicet
927 2764 1049 2824 curiam
1082 2764 1113 2824 in
1144 2783 1176 2824 se
1209 2764 1439 2842 continentem,
1463 2783 1522 2845 pro
1546 2763 1658 2843 viginti

395 2887 449 2928 sex
473 2867 542 2930 flor.
567 2868 636 2929 auri
654 2868 800 2931 vendidit
817 2883 973 2951 perpetuo
990 2870 1217 2953 possidendam
1232 2885 1262 2932 et
1278 2871 1448 2952 superinde
1466 2887 1513 2932 est
1531 2871 1658 2952 utrique

395 2994 506 3036 eorum
532 2975 622 3036 litera
648 2975 858 3058 privilegialis
881 2997 1025 3039 seorsum
1052 2991 1083 3038 et
1106 2978 1278 3060 separatim
1295 2978 1355 3039 sub
1372 2978 1525 3060 pendenti
1551 2978 1658 3059 sigillo

394 3081 635 3142 communitatis
664 3095 821 3146 emanata.

501 3185 579 3248 ltem
604 3187 771 3250 Emericus
794 3201 894 3268 sutor,
918 3188 1049 3270 juratus,
1082 3191 1187 3252 dictus
1219 3190 1313 3270 Sega,
1344 3189 1507 3272 quandam
1531 3190 1657 3252 vineam

396 3291 534 3353 condam
559 3292 721 3354 Valentini
748 3295 891 3356 Fratrich
916 3295 947 3356 in
981 3297 1142 3358 territorio
1171 3296 1307 3358 civitatis
1339 3296 1481 3378 predicte
1507 3296 1588 3358 inter
1611 3297 1658 3357 vi-

395 3417 470 3459 neas
495 3398 623 3460 Thome
649 3400 761 3462 Kozak
786 3401 953 3480 carnificis,
978 3423 995 3463 a
1019 3403 1259 3484 septemtrione,
1285 3417 1315 3463 et
1340 3403 1469 3486 Mathye
1493 3405 1659 3465 textorisa

397 3505 576 3567 meridione
600 3505 753 3584 habitam,
771 3507 908 3590 desuper
933 3528 949 3568 a
975 3509 1025 3569 via
1043 3509 1207 3570 communi
1234 3523 1264 3570 et
1281 3507 1362 3570 infra
1380 3529 1484 3590 usque
1508 3511 1659 3588 rivulum,

398 3630 471 3672 cum
495 3611 634 3692 virgulto
658 3613 719 3674 sibi
743 3614 931 3694 subjacenti,
957 3615 1118 3677 mediante
1143 3615 1194 3676 via
1212 3615 1351 3676 curruali
1377 3629 1408 3677 et
1432 3616 1570 3697 pedestri
1588 3636 1660 3678 om·

398 3717 493 3778 nibus
518 3718 592 3780 illuc
617 3720 768 3782 euntibus
796 3723 973 3800 communi,
1006 3737 1037 3783 et
1068 3722 1140 3782 aliis
1164 3723 1287 3783 cunctis
1318 3722 1384 3782 suis
1415 3722 1605 3783 utilitatibus
1629 3737 1660 3783 et

396 3825 601 3906 pertinenciis
624 3827 780 3888 universis
808 3828 984 3890 Benedicto
1008 3829 1128 3890 cursori
1147 3828 1261 3889 Hwala
1282 3828 1369 3889 dicto
1394 3827 1461 3890 lilio
1491 3829 1659 3906 Anthonii,

396 3931 520 3992 concivi
544 3946 664 4011 nostro,
700 3952 759 4014 pro
791 3949 876 3997 certa
908 3935 1117 4018 pecuniarum
1149 3935 1328 4015 quantitate
1360 3937 1548 3997 auctoritate
1573 3955 1660 3997 com-

395 4037 538 4099 missaria
563 4039 708 4101 vendidit
731 4055 886 4123 perpetuo
911 4042 1141 4124 possidendam
1166 4055 1197 4103 et
1223 4042 1396 4124 superinde
1425 4043 1531 4104 eidem
1557 4044 1659 4104 Bene·

396 4143 482 4204 dicto
506 4145 626 4205 cursori
652 4146 765 4208 Hwala
791 4148 877 4209 dicto
901 4163 947 4210 est
970 4149 1061 4210 litera
1091 4149 1150 4208 sub
1167 4148 1321 4231 pendenti
1347 4148 1455 4230 sigillo
1480 4149 1659 4211 communi·

396 4251 471 4311 tatis
496 4265 652 4313 emanata.

502 4357 580 4418 ltem
606 4358 768 4422 lohannes
793 4360 924 4442 pellifex
957 4362 1060 4422 dictus
1093 4361 1199 4444 Gyan,
1224 4361 1349 4444 pridem
1384 4361 1506 4442 juratus
1531 4377 1561 4424 et
1585 4382 1659 4423 con-

396 4463 474 4524 civis
491 4477 608 4542 noster‚
626 4485 661 4527 ac
680 4467 853 4528 Katherina
878 4488 932 4529 sua
952 4488 1082 4530 consors
1104 4467 1311 4530 medietatem
1327 4483 1447 4530 rectam
1465 4483 1496 4531 et
1512 4469 1658 4550 equalem

396 4569 512 4631 domus
535 4591 648 4633 eorum
672 4573 813 4654 predicte
838 4588 869 4637 et
892 4573 983 4636 fundi
1001 4595 1037 4636 ac
1062 4573 1168 4636 celarii
1186 4575 1385 4636 subterranei
1403 4595 1461 4637 nec
1486 4595 1551 4636 non
1569 4575 1659 4637 hedi-

396 4674 540 4738 ficiorum
573 4677 714 4759 ipsorum
746 4701 763 4741 a
795 4694 883 4761 parte
918 4681 1119 4742 meridionali
1153 4702 1209 4742 seu
1243 4703 1257 4742 a
1292 4697 1379 4764 parte
1418 4681 1509 4744 fundi
1546 4683 1654 4745 relicte

396 4784 522 4844 Nicolai
547 4784 678 4867 llenlryn
704 4787 808 4864 sitam,
834 4807 895 4848 nna
921 4803 1067 4868 quartam
1097 4803 1127 4850 et
1159 4804 1305 4850 octavam
1332 4790 1420 4851 curie
1445 4791 1476 4851 in
1502 4810 1533 4850 se
1559 4791 1659 4852 conti·

396 4904 537 4968 nentem,
564 4891 656 4952 Petro
682 4892 768 4954 dicto
794 4895 877 4954 Kuss
901 4892 968 4955 filio
993 4895 1130 4955 condam
1153 4895 1235 4956 Petri
1256 4895 1332 4956 dicti
1358 4895 1566 4974 Dauidowcz,
1584 4917 1658 4958 con·

400 4997 462 5057 civi
488 5011 610 5076 nostro,
642 5018 701 5081 pro
737 4999 888 5060 tredecim
922 4999 991 5062 flor.
1027 5001 1095 5062 auri
1129 5002 1343 5064 vendiderunt
1373 5015 1529 5086 perpetuo
1562 5003 1660 5086 possi·
