3816 5802
401 545 444 610 94
925 527 1012 584 Anao
1034 520 1129 604 1448.

401 737 526 801 concivi
552 753 663 802 nostro
695 759 730 802 ac
754 758 811 822 per
842 758 916 800 cum
949 739 1014 800 suis
1043 738 1216 802 heredibus
1247 757 1306 821 pro
1337 737 1572 820 quinquaginta
1595 735 1667 798 flor.

401 845 470 908 auri
495 866 533 907 ex
550 865 709 908 consensu
726 846 908 907 vicinorum
926 845 1073 908 vendidit
1089 859 1246 928 perpetuo
1264 844 1492 928 possidendam
1509 855 1541 906 et
1556 862 1665 925 super·

401 951 477 1014 inde
501 952 606 1014 cidem
634 952 786 1034 Philippo
810 951 972 1014 aurifabro
998 967 1044 1014 est
1067 952 1159 1014 litera
1183 955 1242 1014 sub
1267 952 1420 1034 pendenti
1444 950 1552 1032 sigillo
1576 968 1665 1012 com·

402 1059 568 1121 munitatis
593 1059 837 1142 privilegialiter
861 1073 1019 1121 emanata.

403 1279 483 1351 ltem
512 1280 597 1350 laria
636 1282 755 1369 quinta
788 1283 944 1370 proxima
981 1288 1060 1353 ante
1097 1281 1219 1353 lestnm
1248 1277 1501 1354 Purificacionis
1529 1275 1667 1368 virginis

600 1405 745 1494 gloriose
773 1404 889 1484 llarie.
915 1423 973 1476 seu
1003 1407 1037 1475 in
1065 1407 1184 1494 vigilia
1213 1406 1361 1478 eiusdem
1389 1405 1480 1476 testi.

925 1571 967 1636 (1.
991 1559 1160 1623 februarii).

510 1697 588 1760 ltem
614 1697 754 1779 quedam
779 1697 897 1760 domus
920 1699 1017 1761 simul
1041 1719 1114 1761 cum
1133 1698 1236 1761 fundo
1261 1713 1292 1762 et
1315 1698 1434 1762 celario
1458 1697 1668 1759 subterraneo

403 1823 439 1866 ac
464 1803 622 1866 hedificiis
647 1805 678 1866 in
703 1804 788 1866 dicta
812 1805 940 1867 civitate
965 1806 1047 1867 inter
1072 1806 1198 1885 domos,
1226 1804 1344 1869 fundos
1368 1819 1399 1866 et
1422 1802 1570 1866 hedificia
1595 1822 1667 1886 pro·

403 1909 476 1973 vide
501 1910 645 1972 mulieris
670 1910 804 1992 Agnetis
828 1911 937 1973 relicte
962 1913 1100 1974 condam
1119 1913 1282 1975 Dominici
1307 1912 1382 1974 dicti
1398 1911 1508 1990 Hrezt‚
1532 1923 1564 1972 et
1588 1909 1667 1972 libe-

406 2033 514 2078 rorum
539 2015 677 2078 condam
704 2015 858 2098 Stephani
876 2017 1028 2099 agricole,
1045 2021 1085 2080 ab
1107 2038 1170 2080 una
1187 2032 1287 2101 parte,
1305 2019 1345 2081 ab
1363 2018 1462 2081 altera
1486 2035 1562 2078 vcro
1579 2029 1668 2099 parte

408 2122 490 2184 Petri
524 2122 599 2184 dicti
624 2123 749 2205 Ztoylro
785 2137 816 2185 ct
840 2123 922 2186 Petri
955 2125 1072 2186 sutoris
1104 2125 1229 2204 habita,
1259 2139 1322 2188 tres
1353 2138 1481 2207 quartas
1514 2124 1601 2186 curie
1626 2121 1667 2183 ad

405 2248 498 2290 usum
524 2229 660 2292 civitatis
684 2230 716 2290 in
745 2249 777 2292 ae
806 2231 983 2309 continens,
1008 2251 1081 2293 curn
1109 2233 1174 2294 suis
1203 2231 1396 2294 utilitatibus
1412 2244 1444 2293 et
1460 2228 1667 2313 pertinenciis

405 2335 561 2397 universis
598 2335 732 2397 honesto
764 2335 873 2416 juveni
905 2336 1072 2399 Anthonio
1104 2335 1243 2400 carnifici
1269 2335 1336 2399 lilio
1368 2337 1508 2398 condam
1533 2333 1666 2416 Georgii

404 2441 561 2505 carnificis
585 2443 661 2504 dicti
695 2442 902 2527 Optasnycza
933 2445 1058 2506 concivi
1090 2459 1200 2507 nostro
1231 2465 1289 2529 per
1319 2445 1545 2508 vendicionem
1571 2441 1668 2504 Blasii

404 2549 605 2631 carpentarii,
629 2569 685 2631 per
708 2550 848 2612 eundem
879 2551 1021 2612 Blasium
1054 2551 1290 2634 carpentarium
1326 2550 1384 2632 ipsi
1411 2549 1577 2611 Anthonio
1602 2567 1669 2608 car-

405 2653 492 2717 nifici
519 2675 576 2736 pro
601 2669 684 2716 certa
709 2656 919 2739 pecuniarum
944 2657 1122 2739 quantitate
1138 2658 1313 2720 literatorie
1339 2655 1466 2736 factam,
1490 2670 1536 2716 est
1560 2655 1668 2715 litera·

405 2762 488 2824 torie
512 2775 626 2824 statuta
652 2775 808 2845 perpetuo
839 2763 1033 2846 possidenda
1069 2777 1101 2828 et
1133 2764 1305 2848 superinde
1329 2765 1389 2826 sibi
1422 2775 1468 2824 est
1491 2763 1582 2825 litera
1606 2761 1666 2822 sub

404 2869 558 2952 pendenti
583 2869 691 2951 sigillo
716 2871 955 2932 communitatis
984 2885 1142 2934 emanata.

510 2977 588 3040 ltem
613 2977 752 3058 quedam
777 2991 859 3040 terra
876 2978 1006 3040 arabilis
1029 2979 1060 3040 in
1091 2999 1206 3061 campo
1224 2977 1361 3040 civitatis
1385 2976 1526 3060 predicte
1549 2974 1669 3054 habita,

406 3085 486 3145 inter
498 3098 616 3146 terram
640 3083 817 3146 liberorum
841 3104 897 3147 seu
921 3105 1143 3147 successorum
1163 3084 1302 3147 condam
1327 3083 1460 3166 Georgii
1486 3081 1608 3160 Grossi,
1626 3083 1667 3142 ab

405 3190 582 3268 occidente,
607 3209 643 3252 ac
667 3190 749 3252 inter
772 3204 889 3252 terram
913 3191 1089 3253 liberorum
1113 3211 1170 3254 seu
1198 3210 1416 3254 successorum
1441 3189 1580 3252 condam
1605 3187 1669 3250 Va·

406 3297 519 3358 lentini
544 3297 738 3376 stacionarii,
763 3298 924 3360 mediante
942 3297 1062 3362 fossato
1086 3319 1142 3362 seu
1160 3315 1267 3362 meatu
1284 3299 1373 3362 fluvii
1398 3299 1497 3380 vulgo
1521 3297 1668 3378 Zernyak

406 3403 510 3466 vocati
547 3423 565 3466 a
589 3405 829 3486 septemtrione,
854 3425 1003 3468 necnon
1029 3407 1111 3469 inter
1138 3421 1253 3468 terram
1278 3406 1338 3468 viri
1362 3405 1489 3488 providi
1514 3401 1669 3466 Demetrii

406 3507 463 3571 lilii
489 3509 603 3571 Briccii
639 3510 678 3572 de
712 3510 896 3590 Kralewcz,
929 3512 1092 3574 mediante
1123 3513 1270 3574 similiter
1302 3511 1421 3574 fossato
1451 3530 1508 3573 seu
1532 3509 1668 3571 decursu

407 3614 495 3676 fluvii
527 3616 651 3678 Zernak
682 3616 854 3699 supradicti
900 3619 940 3679 ab
972 3618 1114 3697 oriente,
1146 3638 1183 3680 ac
1214 3619 1296 3680 inter
1320 3615 1668 3699 senile.Raphaelia,a

407 3721 585 3784 meridione
621 3722 729 3786 habita
762 3735 793 3785 et
824 3723 973 3806 existens,
1005 3725 1149 3806 quinque
1180 3725 1231 3786 vel
1264 3724 1340 3787 citra
1366 3737 1400 3785 ut
1424 3722 1540 3784 dicitur
1564 3720 1666 3782 dietas

405 3841 488 3891 terre
513 3828 545 3890 in
570 3849 603 3890 se
628 3829 806 3910 continens,
830 3850 886 3912 per
910 3830 1135 3892 vendicionem
1160 3831 1286 3892 Nicolai
1320 3829 1436 3892 literati
1470 3828 1595 3910 pridem
1619 3825 1667 3908 ju·

407 3935 464 3996 rati
490 3935 696 4016 concivisque
720 3937 819 3998 nostri
855 3935 914 3998 filii
939 3937 1061 4016 Jacobi,
1091 3936 1219 4022 Mathye
1251 3936 1355 4018 jurato
1378 3955 1499 4018 genero
1525 3931 1665 3996 Pucbich

407 4038 475 4101 lilio
500 4039 653 4122 Stephani
679 4054 725 4104 est
749 4041 922 4104 literatorie
946 4057 1062 4104 statuta
1086 4057 1243 4126 perpetuo
1268 4042 1473 4125 possidenda.

513 4146 592 4209 ltem
617 4146 703 4208 idem
728 4147 874 4230 Mathyas
898 4148 1019 4230 juratus
1038 4149 1244 4212 medietatem
1263 4149 1406 4232 predicte
1424 4163 1504 4210 terre
1529 4166 1584 4208 sue
1602 4165 1669 4208 ara·

409 4253 493 4333 bilis,
518 4254 598 4315 duas
621 4255 672 4316 vel
696 4255 773 4316 citra
798 4269 832 4317 ut
857 4256 974 4317 dieitur
998 4256 1099 4317 dietas
1123 4270 1204 4318 tetre
1223 4257 1254 4317 in
1279 4275 1313 4316 se
1338 4255 1571 4332 continentem,
1595 4251 1670 4315 Cle-

409 4361 508 4422 menti
533 4360 672 4422 institori
696 4359 765 4423 lilio
790 4359 903 4444 prelati
922 4361 1088 4444 Stephani,
1106 4361 1192 4424 fratri
1211 4361 1363 4424 videlicet
1386 4381 1444 4424 suo
1468 4359 1586 4422 seniori
1604 4371 1671 4421 ute·

408 4468 479 4528 rino
504 4479 534 4528 et
551 4468 681 4546 carnali,
698 4487 756 4548 pro
774 4481 912 4550 quatuor
930 4468 999 4530 flor.
1017 4469 1084 4530 auri
1101 4467 1245 4530 vendidit
1262 4479 1419 4550 perpetuo
1443 4463 1670 4549 possidendam

409 4588 439 4636 et
463 4575 634 4656 superinde
659 4589 705 4638 est
728 4576 820 4638 litera
844 4577 903 4637 sub
927 4575 1081 4658 pendenti
1114 4575 1221 4657 sigillo
1247 4574 1488 4637 communitatis
1513 4585 1668 4637 emanata.

514 4681 592 4742 Item
618 4682 833 4744 communitas
856 4695 922 4743 tota
948 4682 1143 4744 unanimiter
1176 4701 1234 4764 per
1258 4679 1521 4742 commissionem
1546 4677 1669 4741 domini

409 4789 508 4850 Vlrici
533 4789 669 4868 comitis,
687 4789 811 4851 domini
830 4790 929 4850 nostri
946 4789 1095 4870 graciosi,
1120 4787 1283 4870 quendam
1302 4785 1439 4848 fundum
1464 4803 1670 4848 communem

410 4895 550 4958 indicta
576 4896 702 4958 civitate
735 4897 816 4958 inter
848 4895 985 4957 fundum
1018 4895 1113 4956 turris
1145 4907 1251 4955 nostre
1285 4892 1536 4971 communitatis,
1559 4913 1577 4953 a
1600 4910 1670 4973 sep·

409 5004 589 5082 temtrione,
614 5017 643 5064 et
668 5003 749 5066 inter
774 5003 910 5065 fundum
935 5001 1101 5064 Michaelis
1124 5001 1241 5064 sutoris
1272 5000 1347 5062 dicti
1383 4999 1538 5084 Dwoyek,
1562 5020 1579 5061 a
1603 5017 1671 5061 me-
