3854 5798
769 585 855 640 Anno
878 581 970 661 1463.
1449 603 1512 668 ²37

249 793 375 854 Raccha
401 794 557 875 plebanus
582 793 621 854 de
647 795 820 856 Ztenowcz
838 813 874 855 ac
898 794 1031 876 provida
1049 795 1165 856 mulier
1189 795 1303 856 Vrsula
1330 811 1440 858 vocata
1465 818 1512 858 re-

248 900 320 960 licta
346 900 483 961 condam
509 899 567 960 viri
593 901 719 981 providi
747 901 876 961 Martini
901 901 1018 962 sutoris
1035 900 1090 962 filii
1118 902 1242 980 Briccii,
1267 903 1345 963 olim
1373 904 1513 965 concivis

248 1006 358 1084 nostri,
383 1026 441 1068 nec
467 1026 532 1067 non
557 1005 742 1068 Anthonius
757 1021 846 1068 sutor
870 1005 955 1068 lilius
973 1007 1062 1068 Pauli
1089 1021 1120 1070 et
1138 1007 1235 1090 Elyas
1258 1009 1406 1070 similiter
1423 1022 1512 1071 sutor

246 1109 332 1173 filius
356 1113 507 1198 Symonis
532 1114 571 1174 de
598 1112 862 1195 Grabvvwnycza,
879 1113 1028 1176 concives
1053 1115 1164 1192 nostri,
1189 1115 1351 1195 quandam
1377 1115 1509 1178 totalem

247 1218 381 1282 domum
406 1219 549 1301 ipsorum
574 1233 640 1281 tarn
667 1234 823 1281 muratam
858 1239 956 1302 quam
990 1221 1142 1302 ligneam,
1178 1221 1275 1282 simul
1306 1241 1380 1284 cum
1405 1220 1513 1284 fundis

247 1325 353 1387 eidem
378 1327 490 1388 domui
515 1341 639 1388 mutate
664 1341 694 1388 et
711 1327 816 1407 lignee
841 1330 901 1388 sub
919 1342 949 1388 et
966 1327 1186 1408 adjacentibus
1205 1349 1241 1390 ac
1266 1330 1511 1410 pcrtinentibus,

247 1433 362 1494 totales
386 1433 537 1494 videlicet
562 1433 732 1516 porciones
756 1453 867 1494 eorum
901 1433 931 1494 in
958 1434 1043 1496 dicta
1076 1435 1202 1497 civitate
1228 1455 1264 1496 ac
1289 1437 1370 1498 inter
1395 1435 1512 1499 fundos

247 1553 277 1602 et
301 1541 416 1602 domos
440 1541 545 1622 primo
579 1539 779 1601 honorabilis
811 1540 937 1602 domini
969 1541 1053 1602 Petri
1086 1541 1303 1603 archidiaconi
1329 1542 1511 1605 dubicensis

247 1659 277 1708 et
301 1647 446 1708 canonici
473 1646 606 1708 ecclesie
631 1646 859 1727 zagrabiensis,
891 1665 951 1708 nec
984 1667 1049 1708 non
1076 1647 1237 1709 Valentini
1262 1647 1320 1710 filii
1345 1648 1512 1711 Michaelis

247 1753 411 1838 Saronych
436 1754 511 1816 dicti
536 1753 672 1816 senioris
697 1753 811 1833 judicis
835 1767 867 1815 et
890 1753 1033 1815 concivis
1050 1755 1149 1816 nostri
1174 1775 1209 1816 ac
1235 1755 1388 1837 Stephani
1415 1755 1506 1818 Hun-

244 1861 312 1940 gari
337 1879 396 1922 nec
420 1879 484 1921 non
505 1859 587 1922 Petri
607 1859 726 1940 Dragin
751 1879 787 1921 ac
805 1860 903 1921 Marci
928 1861 1090 1922 venatoris
1114 1875 1145 1922 et
1161 1861 1338 1944 Elyzaheth
1364 1863 1507 1925 mulieris

246 1966 356 2028 relicte
381 1966 518 2028 condam
544 1965 644 2048 Frycz
669 1967 784 2044 vocati,
808 1968 848 2027 ab
874 1985 937 2027 una
961 1966 1112 2028 videlicet
1135 1987 1152 2028 a
1177 1968 1381 2030 meridionali
1406 1983 1506 2051 parte,

246 2085 276 2134 et
302 2073 384 2134 inter
408 2073 542 2135 domurn
568 2092 604 2134 ac
621 2071 759 2134 fundum
777 2072 937 2134 Francisci
955 2073 1072 2134 sutoris
1088 2073 1197 2154 generi
1215 2073 1353 2136 condam
1380 2075 1509 2138 Thorne

244 2179 361 2240 sutoris
387 2178 612 2262 Herwoyeych
637 2177 713 2240 dicti
738 2178 778 2240 ab
803 2179 901 2240 altera
931 2178 1082 2240 videlicet
1106 2199 1122 2239 a
1147 2181 1402 2260 septemtrionali
1422 2195 1509 2264 parte

246 2299 427 2346 nostrorum
453 2285 600 2347 similiter
625 2285 807 2347 concivium
833 2285 956 2346 habitas
981 2299 1012 2348 et
1028 2285 1209 2366 existentes,
1233 2287 1378 2368 quinque
1403 2301 1438 2349 ut
1462 2289 1509 2348 di·
1561 2297 1567 2308 '

245 2393 326 2454 citur
350 2405 479 2474 quartas
503 2393 589 2454 curie
614 2393 655 2454 ad
680 2411 773 2453 usum
792 2392 927 2454 civitatis
944 2391 1085 2474 predicte
1103 2392 1133 2452 in
1152 2411 1185 2454 se
1210 2393 1421 2472 continentes,
1438 2395 1508 2456 viro

244 2499 381 2579 provido
406 2512 437 2560 et
461 2499 597 2560 honesto
620 2499 695 2560 Vito
721 2498 878 2581 Paythlyn
898 2498 984 2559 dicto
1009 2497 1075 2559 filio
1102 2499 1266 2560 Benedicti
1293 2499 1396 2560 Benes
1419 2499 1506 2561 dicto

245 2605 284 2666 de
310 2605 394 2667 Gara
421 2605 586 2687 ipsiusque
604 2605 776 2668 heredibus
792 2624 851 2686 pro
868 2606 980 2666 decem
1005 2619 1035 2666 et
1051 2619 1172 2686 septem
1199 2605 1267 2667 flor.
1292 2605 1361 2666 auri
1386 2605 1507 2668 eisdem

245 2713 518 2780 supranominatis
543 2711 682 2773 dedisset
706 2726 738 2772 et
766 2712 969 2793 persolvisset
1001 2711 1220 2773 vendidissent
1243 2726 1301 2773 erc.
1327 2713 1507 2793 quomodo·

247 2837 385 2900 cumque
410 2819 572 2880 voluerint
597 2819 813 2900 disponendas
829 2817 914 2898 juxta
933 2819 1157 2880 condicionem
1178 2833 1344 2899 prenotate
1362 2818 1508 2880 civitatis.

351 2926 429 2987 ltem
455 2927 555 3007 proba
580 2939 611 2987 et
635 2927 768 2986 honesta
786 2925 902 2986 mulier
920 2923 1083 2988 Dorothea
1101 2939 1212 2987 vocata
1237 2925 1345 2987 relicta
1370 2927 1508 2988 condam

246 3032 373 3094 Andree
398 3033 528 3094 sartoris
552 3031 607 3094 filii
633 3032 789 3093 Anthonii
816 3033 891 3092 dicti
913 3032 1100 3114 Zernchych
1125 3033 1204 3094 olim
1230 3033 1372 3094 concivis
1398 3033 1508 3110 nostri,

245 3141 419 3202 concivisse
446 3154 564 3220 nostra,
590 3155 623 3201 ut
656 3142 723 3222 ipsa
757 3139 919 3221 quandam
954 3139 1087 3200 domum
1113 3158 1203 3200 suam
1238 3139 1389 3220 ligneam,
1414 3139 1509 3200 simul

244 3267 315 3308 cum
341 3245 443 3308 fundo
468 3261 498 3308 et
522 3243 678 3306 hedificiis
702 3247 733 3306 in
760 3246 843 3306 dicta
868 3245 995 3306 civitate
1021 3245 1102 3306 inter
1126 3245 1241 3306 domos
1260 3258 1290 3306 et
1314 3243 1432 3306 fundos
1449 3246 1507 3306 viri

244 3353 370 3435 providi
396 3366 427 3414 et
450 3353 573 3414 honesti
600 3351 747 3435 Dyonisii
773 3352 924 3431 agricole,
957 3354 996 3412 ab
1021 3371 1084 3411 una
1117 3351 1267 3412 videlicet
1290 3353 1330 3412 ab
1356 3351 1505 3412 orientali

246 3473 333 3542 parte
364 3473 395 3521 et
427 3460 527 3540 probe
559 3457 703 3519 mulieris
736 3459 831 3518 Kwsa
865 3471 975 3519 vocate
1008 3457 1099 3518 aliter
1130 3456 1310 3539 Thyhavva,
1343 3459 1382 3518 ab
1407 3457 1507 3518 altera

245 3566 395 3626 videlicet
408 3569 447 3627 ab
472 3564 663 3626 occidentali
689 3579 789 3646 parte,
813 3577 996 3624 nostrorum
1015 3563 1196 3624 concivium
1222 3562 1362 3624 habitam
1388 3577 1419 3624 et
1443 3563 1506 3623 exi·

244 3687 391 3749 stentem,
416 3694 433 3733 a
458 3672 509 3733 via
533 3691 587 3732 seu
606 3672 711 3753 platea
729 3671 893 3732 communi
911 3683 942 3731 et
958 3689 1060 3750 usque
1078 3668 1212 3729 fundum
1233 3669 1312 3750 Elye
1337 3689 1506 3751 campana·

244 3779 321 3840 toris
344 3799 377 3840 se
402 3779 639 3855 extendentem,
663 3778 802 3838 mediam
827 3777 859 3838 in
884 3789 953 3838 toto
986 3776 1104 3838 curiam
1138 3776 1178 3836 ad
1203 3795 1295 3838 usum
1321 3776 1403 3837 dicte
1428 3777 1505 3838 civi-

242 3886 315 3947 tatis
339 3888 370 3947 in
394 3905 426 3946 se
457 3884 687 3962 continentem,
711 3885 812 3966 ipsam
837 3883 1002 3946 dominam
1030 3883 1224 3944 Dorotheam
1257 3883 1427 3944 mulierem
1459 3886 1499 3944 ab

246 3992 374 4053 Andrea
399 4005 519 4053 sartore
536 4005 699 4072 postremo
724 3992 793 4052 viro
817 4009 875 4051 suo
893 3990 1051 4071 legittimo
1069 3989 1137 4070 jure
1162 4002 1220 4052 etc.
1246 4003 1506 4068 conternantem,

245 4099 344 4179 probe
370 4111 401 4160 et
424 4098 557 4159 honeste
582 4098 713 4158 domine
739 4103 832 4158 Anna
858 4113 968 4158 vocate
1000 4096 1109 4158 relicte
1138 4095 1275 4157 condam
1301 4096 1391 4156 Pauli
1417 4096 1507 4157 Wal-

245 4204 333 4288 poth,
368 4205 543 4267 concivisse
577 4205 724 4266 similiter
756 4217 873 4280 nostre,
906 4223 941 4264 ac
973 4223 1124 4285 peream
1156 4202 1221 4264 suis
1252 4201 1423 4263 heredibus
1448 4221 1506 4284 pro

246 4311 359 4373 decem
385 4325 416 4374 et
439 4331 556 4374 novem
582 4312 689 4393 pensis
721 4311 929 4372 denariorum
960 4311 1194 4372 viennensium
1229 4329 1314 4370 nunc
1346 4310 1508 4371 estualiter

245 4419 447 4480 currencium
471 4417 669 4480 vendidisset
685 4431 743 4481 etc.
769 4432 799 4479 et
823 4417 909 4497 juxta
926 4417 1153 4479 condicionem
1178 4416 1314 4478 civitatis
1339 4429 1504 4498 prenotate

245 4525 554 4606 quomodocumque
579 4525 717 4587 voluerit
741 4524 989 4606 disponendam.

351 4631 449 4705 Quod
476 4631 646 4712 religiosus
670 4631 718 4692 vir
735 4629 830 4692 frater
847 4631 1010 4691 lohannes
1027 4631 1114 4711 prior
1131 4629 1259 4690 claustri
1277 4629 1361 4690 beati
1379 4629 1506 4690 Nicolai

244 4738 386 4820 episcopi
412 4752 443 4800 et
466 4737 667 4816 confessoris,
692 4738 846 4818 Zagrahie
876 4735 1011 4814 fundati,
1043 4736 1166 4797 ordinis
1192 4737 1445 4812 predicatorum,
1471 4736 1503 4796 in

245 4865 301 4906 sua
325 4865 360 4907 ac
386 4847 609 4907 universorum
634 4845 765 4906 lratrum
791 4845 823 4904 in
852 4845 921 4926 ipso
954 4844 1091 4905 claustro
1116 4844 1232 4904 devote
1258 4843 1319 4904 deo
1346 4841 1504 4904 famulan-

245 4954 330 5015 cium
354 4952 499 5034 personis
524 4951 563 5013 ad
589 4965 728 5012 nostram
754 4965 824 5030 etc,
857 4965 891 5012 ut
915 4951 982 5033 ipse
1016 4949 1178 5030 quandam
1210 4963 1327 5010 terram
1351 4949 1506 5010 arabilem

243 5059 276 5120 in
300 5077 416 5141 campo
440 5073 470 5119 et
494 5058 655 5120 territorio
681 5071 790 5120 nostro
812 5079 868 5120 seu
887 5056 1022 5120 civitatis
1046 5055 1167 5140 prefate
1192 5055 1275 5118 inter
1298 5068 1396 5118 terras
1420 5055 1507 5117 simi·
