3854 5798
806 582 892 640 Anno
917 583 1007 659 1463.
1477 603 1538 666 ²²9

279 683 750 692 ——-——-.—-—.-.-.-.-—......-
1297 691 1537 700 .-‚-......——.

381 789 460 850 ltem
486 790 573 870 quod
599 791 675 870 quia
699 792 746 852 vir
766 793 919 872 providus
939 791 1114 874 Gregorius
1131 793 1271 876 frenipar
1295 794 1380 857 filius
1398 797 1537 859 Ladislat
1569 863 1571 868 ,

276 895 420 956 concivis
444 911 552 958 noster
576 917 738 958 successor
756 899 892 959 condam
915 900 1080 962 Michaelis
1097 901 1244 962 similiter
1268 899 1435 984 freniparis
1460 905 1538 966 olim

275 1000 370 1082 jurati
396 1016 427 1064 et
451 1003 592 1064 concivis
617 1005 716 1064 nostri
741 1003 797 1066 filii
824 1005 954 1066 Thome
979 1005 1018 1067 de
1044 1007 1161 1084 Crisi0,
1185 1009 1224 1068 ab
1249 1027 1323 1084 una,
1349 1023 1436 1089 parte
1461 1029 1538 1071 vero

275 1108 315 1168 ab
341 1107 439 1169 altera
465 1108 627 1170 lohannes
650 1123 739 1172 sutor
763 1111 910 1173 similiter
927 1113 1069 1173 concivis
1093 1127 1200 1174 noster
1223 1112 1308 1174 filius
1333 1115 1471 1177 Emerici
1498 1116 1536 1178 de

274 1215 433 1300 lwanych,
450 1231 485 1277 ut
499 1217 558 1298 ipsi
577 1217 658 1279 inter
674 1238 706 1279 se
724 1233 754 1280 et
768 1219 798 1279 in
814 1217 921 1280 lundis
939 1239 1049 1281 eorum
1067 1235 1097 1281 et
1111 1221 1259 1282 civilibus
1272 1222 1369 1283 talem
1390 1221 1537 1286 fecissent

274 1322 530 1384 concambialem
555 1325 852 1405 permutacionem;
886 1326 1001 1407 prim0,
1026 1325 1165 1408 prelatus
1199 1326 1374 1408 Gregorius
1398 1328 1538 1412 irenipar

273 1429 407 1490 totalem
432 1429 565 1489 domum
592 1450 681 1491 suam
707 1431 803 1492 simul
827 1451 899 1492 curn
932 1433 1022 1494 totali
1049 1431 1149 1494 lundo
1182 1449 1212 1494 et
1236 1435 1354 1496 celario
1378 1455 1437 1496 suo
1462 1438 1536 1498 sub·

273 1549 420 1596 terraneo
445 1548 476 1596 et
497 1534 652 1598 hedificiis
677 1537 709 1598 in
727 1537 810 1598 dicta
836 1538 963 1600 civitate
989 1539 1105 1600 habitis
1122 1539 1203 1600 inter
1225 1541 1341 1601 domos
1365 1556 1395 1601 et
1419 1539 1537 1602 fundos

273 1641 416 1702 virorum
442 1641 652 1724 providorum
679 1643 808 1704 Thome
832 1643 1010 1725 freniparis,
1035 1647 1074 1705 ab
1102 1665 1163 1706 una
1182 1646 1332 1708 videlicet
1356 1667 1373 1708 a
1397 1663 1534 1728 septem·

272 1748 401 1808 trionali
421 1762 520 1830 parte,
545 1769 582 1810 ac
601 1747 756 1833 Gregorii¹
773 1763 804 1810 et
822 1750 920 1811 Blasii
940 1749 1149 1833 freniparum,
1172 1773 1189 1813 a
1214 1753 1418 1814 meridionali
1437 1769 1536 1836 parte,

272 1869 456 1915 nostrorum
481 1854 665 1915 concivium
691 1855 832 1917 habitam
856 1871 886 1917 et
903 1858 1103 1937 existentem,
1128 1858 1207 1919 duas
1232 1875 1359 1939 quartas
1384 1861 1470 1922 curie
1495 1860 1535 1920 ad

274 1979 367 2020 usum
393 1960 529 2022 civitatis
561 1959 681 2041 prefate
714 1961 745 2021 in
771 1981 804 2022 se
836 1963 1055 2026 continentem
1088 1983 1146 2046 pto
1183 1965 1322 2045 quadam
1355 1965 1454 2027 domo
1478 1986 1535 2027 seu

272 2066 359 2126 civili
383 2065 482 2148 ipsius
507 2065 662 2127 lobannis
687 2069 804 2128 sutoris
829 2069 860 2129 in
886 2070 960 2130 vico
984 2070 1135 2131 exteriori
1159 2085 1303 2132 sutorum
1330 2071 1411 2132 inter
1435 2072 1534 2134 alium

273 2171 412 2234 fundum
437 2187 467 2234 et
491 2173 586 2234 civile
619 2172 732 2254 prefati
758 2174 913 2236 lobannis
944 2177 1071 2254 sutoris,
1104 2180 1143 2238 ab
1175 2197 1249 2254 una,
1274 2193 1362 2259 parte
1395 2197 1470 2240 vero
1495 2180 1534 2240 ab

271 2278 369 2339 altera
395 2279 571 2340 liberorum
595 2299 652 2341 seu
676 2299 895 2342 successorum
920 2281 1058 2342 condam
1084 2282 1212 2344 Thome
1239 2284 1337 2344 Rosin
1364 2284 1451 2363 dicti,
1477 2304 1534 2346 no-

270 2399 408 2446 strorum
434 2385 582 2446 similiter
606 2387 789 2448 concivium
813 2387 955 2448 habitam
980 2401 1011 2449 et
1041 2389 1240 2467 existentem,
1270 2409 1367 2450 unam
1393 2403 1534 2452 tantum·

270 2490 370 2551 modo
396 2505 542 2572 quartam
568 2493 653 2552 curie
678 2493 717 2552 ad
737 2513 830 2554 usum
846 2494 982 2555 civitatis
999 2509 1165 2575 prenotate
1190 2496 1222 2556 in
1245 2516 1279 2557 se
1304 2497 1534 2575 continentem,

270 2617 327 2680 per
350 2599 485 2659 modum
503 2599 733 2660 concambialis
751 2601 1002 2682 permutationis
1018 2621 1054 2662 ac
1072 2601 1292 2664 additamento
1309 2617 1447 2684 quatuor
1463 2602 1533 2666 flor.

271 2704 339 2765 auri
365 2725 421 2786 per
445 2705 584 2766 eundem
610 2705 788 2767 lohannem
815 2708 874 2788 ipsi
900 2706 1059 2787 Gregorio
1081 2707 1231 2790 lrenipari
1256 2729 1351 2791 supra
1375 2708 1530 2791 prefatam

268 2809 401 2874 domum
411 2831 500 2872 suam
511 2811 659 2873 datorum
671 2814 765 2894 plene
775 2826 805 2874 et
814 2813 1046 2894 assignatorum
1058 2815 1195 2876 dedisset
1205 2828 1235 2876 et
1245 2829 1456 2897 permutasset
1466 2831 1526 2879 etc.

376 2917 453 2978 ltem
479 2917 567 2998 quod
592 2917 667 2998 quia
701 2919 854 3001 providus
885 2921 933 2979 vir
965 2919 1062 3002 Elyas
1093 2933 1182 2982 sutor
1213 2920 1299 2982 filius
1323 2923 1468 2983 Barnabe
1493 2923 1533 2983 de

269 3021 418 3106 lwanych
443 3023 584 3084 concivis
603 3037 712 3085 noster
735 3025 842 3085 senior
858 3024 979 3106 juratus
997 3041 1027 3086 et
1044 3027 1185 3088 concivis
1202 3041 1309 3088 noster
1333 3027 1373 3088 ad
1392 3043 1532 3089 nostram

268 3142 340 3208 etc.,
367 3143 401 3190 ut
425 3130 501 3211 quia
526 3130 593 3211 ipse
618 3130 772 3192 directam
797 3146 828 3192 et
852 3133 1001 3213 equalem
1034 3134 1239 3196 medietatem
1264 3155 1320 3196 seu
1344 3135 1530 3216 porcionem

270 3235 436 3297 cuiusdam
463 3234 553 3297 fundi
578 3237 626 3297 sui
652 3237 747 3298 simul
770 3257 841 3298 cum
868 3237 1002 3300 edificiis
1026 3240 1147 3301 inviso
1173 3255 1282 3302 nostro
1307 3241 1455 3303 exteriori
1480 3261 1530 3302 su·-

269 3359 375 3404 torum
389 3343 471 3404 inter
495 3342 613 3404 fundos
629 3344 772 3404 virorum
789 3344 943 3405 lohannis
964 3347 1080 3406 sutoris
1096 3347 1216 3427 magni,
1233 3348 1273 3408 ab
1298 3367 1372 3424 una,
1396 3368 1413 3408 a
1432 3347 1528 3408 meri-

271 3448 393 3510 dionali
419 3463 517 3530 parte,
550 3463 580 3510 et
616 3449 794 3511 Clementis
829 3451 975 3511 similiter
1010 3452 1126 3513 sutoris
1157 3452 1248 3514 aliter
1281 3453 1409 3514 Kechlta
1442 3453 1529 3532 dicti,

268 3555 415 3616 similiter
440 3555 581 3616 concivis
605 3556 715 3632 nostri,
739 3557 779 3616 ab
811 3557 909 3617 altera
936 3557 1085 3618 videlicet
1117 3579 1133 3618 a
1158 3558 1411 3638 septemtrionali
1435 3572 1524 3640 parte

267 3662 410 3724 habitam
437 3663 577 3723 mediam
603 3677 747 3744 quartam
773 3665 859 3724 curie
884 3663 924 3724 ad
956 3683 1047 3724 usum
1081 3665 1216 3726 civitatis
1240 3681 1405 3747 prenotate
1430 3667 1474 3748 (in
1499 3688 1531 3727 se

267 3769 510 3848 continentem),
544 3767 667 3852 prelato
700 3769 838 3831 lohanni
872 3771 971 3831 sutori
1004 3791 1122 3852 magno
1154 3791 1212 3852 pto
1240 3772 1341 3832 tribus
1365 3787 1396 3833 et
1421 3773 1530 3834 medio

266 3873 334 3936 flor.
360 3876 429 3936 auri
454 3875 668 3954 vendidisset,
700 3877 801 3936 immo
834 3897 871 3937 ex
905 3897 1063 3937 consensu
1096 3878 1275 3938 vicinorum
1307 3880 1526 3960 predictorum

267 3981 413 4042 vendidit
438 3995 496 4042 etc.
521 3981 605 4061 juxta
631 3982 854 4043 condicionem
881 3982 1017 4043 civitatis
1041 3997 1217 4064 prenotate.

375 4087 472 4160 Quod
491 4089 566 4168 quia
590 4087 745 4169 providus
769 4089 817 4148 vir
834 4089 984 4167 magister
1002 4089 1148 4150 Matheus
1171 4088 1256 4151 filius
1281 4091 1367 4152 Luce
1385 4093 1527 4152 notarius

268 4192 349 4252 dicte
375 4193 510 4254 civitatis
534 4207 631 4274 atque
656 4195 797 4255 concivis
820 4195 859 4256 ad
886 4210 1027 4256 nostram
1056 4210 1126 4274 etc.,
1152 4211 1186 4257 ut
1209 4198 1274 4278 ipse
1301 4198 1463 4277 quandam
1481 4199 1527 4258 vi·

268 4319 361 4360 nearn
386 4320 477 4360 suam
504 4301 534 4360 in
560 4301 720 4362 territorio
756 4316 864 4363 nostro
888 4303 969 4362 inter
1002 4301 1098 4364 aliam
1123 4303 1250 4363 vineam
1283 4323 1372 4364 suam
1398 4325 1415 4364 a
1440 4317 1528 4385 parte

266 4407 519 4486 septemtrionali
545 4408 648 4486 sitam,
674 4421 704 4468 et
728 4409 810 4468 inter
835 4408 918 4468 viam
945 4428 1151 4470 communem
1176 4425 1299 4490 aparte
1325 4409 1527 4470 meridionali

265 4513 466 4591 existentem,
493 4513 630 4595 desuper
655 4515 741 4574 avia
760 4516 924 4575 communi
943 4529 973 4575 et
991 4514 1071 4575 infra
1092 4535 1193 4596 usque
1211 4516 1350 4577 rivulum
1368 4517 1530 4576 mediante

264 4618 327 4678 alia
352 4619 403 4679 via
429 4621 595 4680 communi
621 4634 651 4680 et
668 4621 819 4698 cursuali,
844 4622 940 4681 simul
966 4641 1038 4682 cum
1056 4621 1196 4699 virgulto
1222 4635 1252 4683 et
1277 4637 1358 4682 tetra
1382 4643 1438 4683 seu
1457 4622 1529 4684 loco

265 4724 394 4804 virgulti
419 4746 455 4786 ac
480 4727 648 4787 arboribus
672 4725 842 4788 fructiferis
866 4727 987 4787 ibidem
1006 4728 1213 4788 existentibus
1237 4748 1272 4789 ac
1297 4728 1398 4789 kucha
1424 4728 1529 4789 eidem

267 4831 359 4892 vinee
393 4831 568 4912 subjacenti
602 4833 739 4914 provido
764 4835 832 4894 viro
864 4832 1030 4894 Anthonio
1062 4833 1172 4893 sartori
1205 4832 1273 4894 filio
1305 4834 1395 4894 Pauli
1420 4849 1528 4894 nostro

266 4939 416 5000 similiter
440 4939 566 5000 concivi
590 4960 626 5001 ac
650 4961 706 5022 per
731 4960 804 5002 eum
823 4941 887 5001 suis
912 4939 1085 5000 heredibus
1113 4960 1170 5022 pro
1188 4939 1342 5002 tredecim
1367 4939 1435 5002 flor.
1460 4941 1529 5002 auti

269 5045 466 5108 vendidisset
489 5059 549 5109 etc.
