3854 5798
396 535 459 599 ²5⁰
925 517 1012 576 Anno
1034 515 1126 596 1465.

393 751 449 814 per
473 731 734 794 commissionem
767 744 798 793 et
828 730 1051 792 auctoritatem
1082 729 1207 791 domini
1240 728 1351 808 nostri,
1383 727 1507 790 domini
1534 726 1656 790 Methie

392 839 486 921 regis,
510 837 721 901 literatorium
747 837 934 900 mandatum
959 851 1006 898 est
1030 835 1134 898 eidem
1160 835 1300 898 Mertino
1324 833 1422 916 judici
1447 854 1486 896 ex
1509 834 1654 917 predicto

393 944 548 1007 katherno
572 959 681 1008 nostro
706 943 797 1006 litere
818 944 891 1006 date
907 944 966 1004 sub
983 942 1136 1026 pendenti
1153 942 1261 1024 sigillo
1280 953 1387 1004 nostre
1411 940 1655 1004 communitatis

392 1065 423 1114 et
448 1065 606 1114 emanate.

392 1290 475 1362 Item
503 1294 537 1362 in
565 1290 651 1362 festo
680 1291 769 1362 beati
800 1290 968 1362 Valentini
1007 1287 1173 1374 martiris,
1211 1296 1359 1376 tempore
1381 1287 1557 1376 judicatus
1586 1289 1655 1358 viri

392 1417 523 1505 providi
552 1423 586 1487 et
614 1415 746 1487 honesti
783 1413 945 1487 dntbonii
983 1412 1132 1485 moderni
1164 1414 1292 1502 judicis
1330 1413 1369 1484 de
1401 1432 1487 1484 anno
1525 1411 1654 1484 Domini

392 1538 572 1612 uescebx
601 1542 718 1629 quinto
746 1539 808 1612 hoc
837 1539 1036 1612 cutbertum
1064 1547 1115 1609 est
1145 1534 1311 1609 conscribi
1341 1539 1508 1626 inceptum
1538 1537 1654 1607 litera·

786 1685 860 1736 rum
889 1684 946 1736 seu
976 1663 1245 1753 privilegiorum.

901 1900 963 1965 (14
980 1885 1156 1962 februarii).

498 2009 575 2072 ltem
607 2009 683 2092 quia
715 2009 869 2092 providus
909 2007 956 2070 vir
989 2005 1150 2089 Georgius
1180 2019 1282 2069 sartor
1313 2004 1520 2087 Jelowchych
1551 2004 1654 2066 dictus

392 2115 477 2178 filius
501 2115 680 2179 Clementis
702 2116 810 2177 senior
833 2115 954 2197 juratus
977 2129 1008 2176 et
1031 2113 1173 2176 concivis
1189 2127 1308 2193 noster,
1333 2111 1495 2194 quandam
1520 2113 1653 2174 totalem

393 2223 527 2284 domurn
551 2243 642 2285 suant
676 2223 818 2304 ligneam
852 2237 882 2284 et
917 2221 1067 2300 fundum,
1098 2220 1318 2302 celeriumque
1350 2222 1591 2282 subterraneum
1624 2233 1655 2282 et

392 2328 539 2391 hedificia
564 2329 597 2391 in
622 2328 749 2391 civitate
774 2327 896 2410 prefate
921 2329 1002 2390 inter
1032 2328 1165 2389 domum
1201 2339 1359 2389 muratam
1384 2339 1415 2388 et
1439 2325 1577 2388 fundum
1601 2326 1653 2388 Jo-

392 2435 507 2498 hanuis
531 2435 684 2496 institoris
708 2435 843 2496 senioris
868 2435 983 2514 judicis
1006 2447 1037 2496 et
1054 2433 1196 2496 concivis
1221 2433 1320 2494 nostri
1342 2430 1400 2496 filii
1424 2433 1551 2494 Nicolai
1576 2433 1652 2496 dicti

393 2543 521 2622 Bolsslr‚
545 2543 584 2604 ab
610 2562 684 2620 una,
708 2555 797 2624 parte
823 2561 898 2604 vero
916 2542 956 2603 ab
980 2542 1078 2604 ultera
1097 2541 1179 2602 inter
1203 2539 1337 2602 domum
1362 2540 1503 2621 ligneam
1528 2555 1559 2601 et
1582 2539 1653 2602 lun·

391 2649 468 2712 dum
493 2649 589 2711 Blasii
614 2647 782 2732 freniparis
805 2663 836 2710 et
862 2647 981 2709 Mathis
1012 2647 1129 2709 sutoris
1153 2645 1401 2729 Nelterschenyk
1426 2645 1501 2708 dicti
1527 2660 1651 2708 nostro-

391 2775 462 2817 rum
485 2756 605 2817 scilicet
629 2755 810 2818 concivium
835 2754 977 2816 habitam
1004 2769 1034 2816 et
1058 2753 1263 2831 existentem,
1294 2753 1353 2814 tria
1379 2752 1535 2833 quartalis
1567 2753 1654 2814 curie

391 2863 431 2925 sd
456 2883 550 2926 usum
575 2863 657 2924 dicte
691 2863 827 2924 civitatis
859 2862 892 2923 in
924 2883 957 2924 se
989 2863 1220 2939 continentem,
1256 2859 1393 2922 discreto
1424 2859 1494 2921 viro
1519 2859 1652 2922 domino

392 2969 471 3053 Elye
496 2969 673 3051 presbitero
690 2969 779 3030 chori
805 2968 939 3030 ecclesie
957 2967 1173 3048 zagrabiensis
1189 2965 1403 3048 prebendario
1427 2963 1494 3027 filio
1520 2963 1653 3048 Georgii

391 3077 430 3139 de
456 3076 660 3162 Mylethyncz
684 3095 742 3158 pro
766 3075 878 3138 decem
906 3089 937 3136 et
961 3089 1034 3136 octo
1057 3073 1127 3136 flor.
1145 3073 1212 3135 auri
1238 3092 1295 3155 per
1318 3072 1458 3134 eundern
1483 3072 1652 3133 dominum

391 3183 505 3268 Elyam
530 3182 635 3245 eidem
661 3181 805 3264 Georgio
829 3181 943 3243 sartori
973 3181 1068 3264 plene
1101 3179 1272 3263 persolutis
1302 3178 1500 3240 vendidisset
1522 3192 1553 3240 et
1576 3197 1653 3240 ven·

390 3289 473 3351 didit
496 3289 536 3350 de
561 3309 719 3351 consensu
743 3289 934 3366 vicinorum,
959 3302 990 3349 et
1021 3307 1116 3369 super
1140 3285 1200 3347 hoc
1233 3299 1281 3347 est
1303 3285 1363 3347 sibi
1388 3298 1535 3348 emanata
1558 3285 1651 3346 litera

390 3396 599 3480 privilegialis
622 3397 681 3458 sub
705 3395 813 3478 sigillo
839 3394 1090 3457 communitatis.
