3854 5798
412 537 474 616 256
966 537 1052 594 Anno
1075 533 1169 614 1466.

410 750 545 812 eandem
571 749 734 811 civitatem
761 748 1045 829 Montisgrecensis
1069 746 1108 808 ad
1134 767 1247 808 manus
1275 768 1347 809 suas
1371 749 1595 830 potencialiter
1620 769 1674 810 oc-

410 870 580 937 cupaverat
605 869 635 916 et
670 854 799 916 tandem
825 854 1006 916 Laurencio
1039 853 1186 914 similiter
1210 852 1373 916 aurifabro
1405 853 1528 916 famulo
1553 873 1611 916 suo
1635 854 1676 916 ad

411 962 642 1044 possidendum
667 961 799 1023 dederat
823 975 854 1022 et
875 960 1064 1022 contulerat.
1091 959 1313 1041 Quasquidem
1332 960 1448 1022 domos
1473 976 1503 1022 er
1528 959 1675 1022 hedificia

410 1083 636 1130 annotatorum
663 1067 809 1150 Dyonisii
843 1080 873 1129 et
906 1067 997 1128 Pauli
1032 1064 1267 1128 aurifabrorum
1301 1064 1442 1149 prefatus
1475 1067 1675 1128 Laurencius

410 1174 570 1237 aurifaber
601 1174 750 1236 dubitans
781 1194 813 1236 se
847 1174 878 1235 in
913 1172 1033 1235 eisdem
1066 1186 1176 1235 contra
1212 1187 1381 1235 annotatos
1414 1173 1609 1256 Dyonisium
1645 1184 1676 1233 et

411 1282 546 1343 Paulum
571 1279 750 1342 aurifabros
775 1301 839 1342 nou
866 1300 959 1363 posse
981 1278 1112 1363 pacifice
1136 1299 1335 1362 permanere,
1353 1280 1422 1340 viro
1447 1280 1584 1342 condam
1602 1297 1675 1362 pro·

410 1389 486 1449 vido
512 1387 662 1470 Philippo
692 1387 839 1449 similiter
871 1385 1031 1450 aurifabro
1068 1406 1187 1468 genero
1212 1386 1363 1448 videlicet
1394 1387 1454 1447 viri
1491 1385 1618 1469 providi
1644 1397 1676 1444 et

410 1497 632 1578 circumspecti
658 1495 813 1556 lobannis
837 1493 1014 1578 Perowych
1039 1493 1174 1555 senioris
1206 1492 1321 1574 judicis
1353 1509 1384 1555 et
1409 1493 1552 1554 concivis
1576 1493 1674 1555 nostri

412 1622 469 1685 pro
494 1616 578 1664 certa
604 1602 813 1684 pecuniarum
838 1621 986 1684 sumpma
1009 1599 1211 1662 vendiderat.
1238 1600 1277 1662 Et
1294 1600 1368 1682 quia
1393 1620 1452 1661 nos
1476 1600 1551 1661 visis
1575 1613 1605 1662 et
1629 1601 1674 1662 in·

411 1708 546 1770 reflectis
569 1709 670 1770 literis
694 1706 808 1790 prefati
834 1707 957 1769 domini
990 1708 1091 1768 nostri
1116 1707 1199 1788 regis
1224 1726 1281 1789 per
1319 1707 1456 1769 eundem
1483 1707 1675 1790 Dyonisium

412 1813 607 1876 aurifabrum
634 1815 728 1875 nobis
752 1813 903 1875 exhibitis
927 1827 957 1874 et
982 1813 1181 1896 presentatis,
1199 1813 1387 1894 eisdemque
1412 1812 1443 1874 in
1469 1814 1622 1875 omnibus
1645 1826 1676 1875 et

412 1940 468 2003 per
491 1920 599 1981 omnia
625 1919 758 1981 obedire
783 1932 814 1980 et
838 1921 1063 2001 obtemperare
1097 1919 1275 2001 cupientes,
1305 1931 1341 1981 ut
1364 1933 1523 1996 tenemur,
1548 1939 1622 1980 mox
1646 1931 1676 1979 et

413 2028 444 2088 in
470 2027 646 2088 continenti
672 2045 727 2107 per
752 2045 906 2107 precones
932 2039 1058 2087 nostros
1086 2045 1274 2086 communes
1300 2045 1394 2107 supra
1419 2026 1596 2107 pretorium
1620 2045 1675 2086 seu

413 2133 546 2195 domum
572 2147 714 2193 nostram
739 2131 970 2214 judicionalem
1000 2145 1107 2193 nostre
1139 2132 1380 2192 communitatis
1403 2131 1518 2194 diebus
1541 2132 1675 2214 judicio·

414 2239 540 2300 nalibus
563 2239 740 2299 secundum
766 2239 1032 2300 consvetudinem
1058 2238 1142 2299 dicte
1175 2237 1312 2299 civitatis
1336 2239 1452 2320 primo,
1477 2239 1621 2301 secundo
1645 2253 1675 2300 et

412 2345 559 2407 terciario
584 2345 718 2407 heredes
742 2345 887 2406 eiusdem
904 2345 1042 2406 condam
1068 2344 1208 2426 Philippi
1226 2342 1390 2422 aurifabri,
1408 2364 1586 2427 eorumque
1603 2365 1675 2428 pro-

414 2468 586 2531 curatores,
613 2452 638 2514 si
664 2452 719 2532 qui
744 2472 802 2534 pro
828 2451 950 2513 eisdem
976 2450 1120 2530 fuissent,
1145 2471 1178 2512 se
1209 2470 1316 2512 corant
1343 2453 1435 2513 nobis
1460 2467 1675 2534 representare

416 2560 510 2621 etad
536 2557 661 2640 objecta
694 2558 882 2621 eorumdem
918 2558 1065 2640 Dyonisii
1098 2571 1129 2619 et
1161 2559 1251 2619 Pauli
1284 2558 1520 2620 aurifabrorum
1545 2578 1674 2642 respon·

415 2667 550 2745 dendos,
574 2685 610 2728 ac
635 2667 674 2727 ad
700 2665 899 2727 audiendum
924 2680 954 2727 et
979 2665 1225 2747 intelligendum
1248 2667 1438 2748 premissum
1464 2667 1675 2729 literatorium

414 2773 501 2854 regie
527 2772 703 2834 Maiestatis
726 2772 820 2832 nobis
844 2771 1024 2853 injunctum
1042 2772 1241 2850 mandatum,
1263 2772 1308 2832 sic
1332 2787 1366 2834 ut
1389 2773 1594 2854 premittitur,
1618 2793 1675 2856 pro

415 2894 502 2962 parte
528 2879 671 2961 ipsorum
697 2877 846 2960 Dyonisii
871 2892 902 2940 er
919 2877 1010 2938 Pauli
1035 2877 1273 2939 aurifabrorum
1298 2879 1469 2960 superinde
1493 2877 1675 2941 confectum

415 3000 556 3048 nostram
582 2985 613 3045 in
639 2983 837 3066 presenciam
863 2985 973 3046 venire
991 2984 1187 3048 debuissent.
1212 2985 1412 3066 Quiquidem
1439 2985 1571 3048 heredes
1595 2987 1675 3048 eius·

415 3093 488 3154 dem
514 3092 652 3153 condam
678 3091 819 3174 Philippi
843 3090 996 3153 aurifabri
1021 3110 1077 3173 per
1102 3111 1135 3153 se
1152 3092 1373 3175 personaliter,
1397 3093 1452 3154 sed
1477 3112 1535 3154 nec
1559 3092 1676 3175 aliquis

414 3219 472 3281 pro
497 3199 541 3259 eis
566 3199 698 3260 nornine
722 3217 834 3259 eorum
859 3199 1004 3260 terminis
1027 3197 1262 3260 sufficientibus
1293 3218 1329 3259 ac
1353 3199 1519 3280 legittimis
1545 3213 1575 3262 et
1600 3219 1674 3262 con-

415 3307 503 3388 gruis
528 3306 572 3367 eis
597 3306 678 3367 datis
696 3321 727 3368 et
750 3326 806 3388 per
823 3325 882 3367 nos
903 3305 1038 3388 expleris
1055 3307 1155 3367 nostri
1173 3306 1204 3366 in
1223 3306 1420 3387 presenciam
1446 3307 1554 3367 venire
1571 3326 1675 3388 neque

417 3415 542 3476 mittere
567 3427 728 3492 curarunt,
753 3413 809 3475 sed
834 3433 866 3474 se
898 3434 916 3474 a
942 3412 1021 3475 facie
1045 3412 1123 3495 juris
1156 3414 1370 3476 absentantes.
1402 3415 1470 3475 Nos
1500 3434 1577 3476 vero
1601 3415 1676 3476 visis

416 3535 447 3582 er
471 3520 640 3582 intellectis
665 3520 855 3582 eorumdem
881 3521 1027 3605 Dyonisii
1061 3533 1092 3581 et
1116 3521 1207 3582 Pauli
1240 3521 1474 3583 aurifabrorum
1500 3521 1623 3604 juribus
1647 3535 1677 3584 et

416 3629 593 3690 literalibus
618 3629 838 3690 instrumentis
861 3647 897 3688 ac
922 3627 1023 3688 eciam
1057 3627 1280 3709 probabilibus
1309 3628 1522 3708 documentis,
1547 3629 1675 3691 easdem

416 3735 531 3797 domos
555 3755 611 3817 per
636 3747 824 3796 annotatum
858 3734 995 3796 condam
1029 3735 1172 3796 Vlricum
1205 3735 1354 3797 comitem
1382 3735 1465 3798 Cilic
1490 3738 1529 3798 ab
1555 3737 1675 3798 eisdem

416 3841 650 3924 potencialiter,
685 3840 892 3922 indebireque
929 3860 964 3902 ac
1001 3841 1107 3902 minus
1142 3841 1223 3922 juste
1256 3856 1427 3924 occupatas
1458 3859 1490 3904 et
1524 3843 1676 3905 alienatas

417 3947 683 4010 certitudinaliter
708 3946 776 4009 fore
800 3948 979 4029 reperimus
1011 3960 1042 4009 et
1065 3947 1260 4027 invenimus,
1293 3949 1431 4030 ideoque
1465 3969 1524 4011 nos
1548 3951 1675 4012 easdem

419 4053 544 4131 domos,
561 4052 679 4115 fundos
696 4074 731 4115 ac
750 4052 896 4115 hedificia
910 4054 1006 4115 simul
1017 4073 1088 4115 cum
1100 4075 1209 4116 earum
1223 4055 1413 4117 utilitatibus
1427 4076 1485 4117 nec
1503 4077 1568 4118 nort
1583 4058 1676 4140 perti·

419 4159 540 4221 nenciis
565 4159 732 4239 universis,
757 4180 854 4221 unam
880 4180 953 4222 curn
986 4160 1092 4222 media
1124 4161 1246 4222 curiam
1272 4176 1330 4224 etc.
1363 4161 1493 4244 prefatis
1517 4164 1673 4246 Dyonisio

418 4281 448 4327 et
472 4265 572 4327 Paulo
597 4265 775 4345 aurifabris,
800 4267 986 4328 concivibus
1010 4267 1137 4345 nostris,
1160 4268 1369 4349 ipsorumque
1394 4268 1567 4330 heredibus
1591 4269 1676 4351 juxta

417 4371 628 4456 prescriptum
653 4373 864 4434 literatorium
884 4373 1008 4455 regium
1026 4375 1119 4434 nobis
1144 4373 1323 4454 injunctum
1341 4374 1528 4437 mandatum
1554 4375 1676 4456 adjudi-

418 4479 562 4540 cavimus
587 4491 617 4539 et
641 4479 821 4559 statuimus,
845 4479 980 4541 fecimus
1003 4479 1072 4558 jure
1106 4495 1261 4562 perpetuo
1292 4495 1351 4543 etc.
1376 4482 1515 4544 Demum
1541 4481 1600 4543 hiis
1624 4483 1676 4543 ha-

418 4586 492 4648 bitis
516 4583 629 4668 prefati
655 4585 830 4668 Dyonisius
855 4602 885 4648 et
909 4587 1027 4649 Paulus
1052 4585 1204 4648 aurifabri
1237 4587 1277 4648 ad
1302 4603 1443 4650 nostram
1468 4591 1678 4671 personaliter

418 4693 583 4756 venientes
606 4693 638 4754 in
664 4695 861 4775 presenciam
879 4693 1015 4756 confessi
1040 4708 1114 4756 sunt
1139 4695 1170 4756 in
1188 4694 1272 4756 hunc
1297 4695 1441 4774 modum,
1467 4710 1501 4758 ut
1524 4697 1584 4780 ipsi
1609 4717 1678 4780 pre-

418 4800 549 4883 scriptas
574 4802 688 4862 domos
713 4802 920 4882 supradictas,
953 4823 1048 4863 unam
1075 4822 1147 4864 curn
1180 4803 1286 4864 media
1321 4803 1434 4883 curias,
1460 4823 1532 4865 cum
1558 4805 1676 4867 celario

418 4909 626 4971 subterraneo
651 4908 772 4970 eisdem
799 4909 949 4970 domibus
973 4908 1162 4990 subjacenti,
1195 4929 1268 4972 cunt
1293 4912 1414 4972 cunctis
1443 4911 1508 4972 suis
1534 4911 1677 4974 utilitati·

420 5017 478 5081 bus
503 5017 603 5078 nobili
630 5017 699 5079 viro
725 5016 844 5079 Mathia
869 5015 935 5080 filio
961 5017 1098 5078 condam
1128 5015 1276 5100 Gregorii
1309 5017 1346 5080 de
1373 5018 1526 5098 Wrnocz,
1552 5019 1675 5082 concivi
