3832 5804
827 517 913 574 Anno
936 519 1028 594 1456.
1500 517 1561 602 '167

297 621 539 629 ———--..-..-
555 622 579 628 ...
602 623 610 626 -
641 623 764 626 -.

295 746 411 808 aquam
437 725 678 809 Chogoynycza
703 727 819 788 dictam
846 727 998 806 habitam,
1023 743 1053 790 et
1088 729 1169 790 inter
1193 742 1309 798 terram
1335 745 1441 793 nostre
1467 751 1554 793 com-

296 833 460 895 munitatis
484 833 638 911 habitam,
664 832 793 894 Thome
825 835 938 896 sartori
971 833 1038 896 filio
1064 835 1189 896 Nicolai
1224 855 1283 917 pro
1307 857 1360 898 sex
1392 837 1461 900 flor.
1487 841 1555 899 auri

295 939 440 1001 vendidit
455 953 612 1022 perpetuo
636 939 866 1020 possidendam
885 960 922 1000 ex
947 960 1104 1002 consensu
1122 942 1305 1004 vicinorum
1330 957 1361 1005 et
1385 945 1558 1026 superinde

295 1061 341 1108 est
361 1046 453 1107 litera
477 1047 537 1106 sub
562 1045 716 1128 pendenti
741 1046 849 1128 sigillo
874 1048 1114 1109 communitatis
1138 1063 1295 1110 emanata.

399 1151 477 1214 ltem
502 1151 634 1213 domina
658 1151 833 1213 Katherina
864 1152 971 1214 relicta
1005 1154 1143 1215 condam
1169 1155 1348 1217 Sebastiani
1383 1157 1458 1219 dicti
1487 1157 1557 1220 Sol-

295 1259 395 1342 dynar
431 1279 515 1320 nunc
548 1278 680 1320 consors
712 1259 868 1340 legittima
901 1259 1067 1340 prudentis
1099 1274 1128 1322 et
1161 1261 1286 1324 honesti
1319 1263 1378 1324 viri
1402 1262 1557 1325 Anthonii

294 1367 409 1428 literati
432 1365 489 1427 lilii
515 1365 670 1430 lohannis
695 1365 781 1426 Rodt
806 1365 845 1426 de
870 1366 1079 1448 Neremberg‚
1102 1367 1216 1428 totales
1242 1387 1314 1429 suas
1340 1371 1558 1449 possessiones

294 1474 442 1536 videlicet
466 1473 654 1555 porcionem
679 1492 770 1534 suam
794 1472 928 1534 totalem
953 1473 985 1534 in
1012 1475 1269 1555 possessionibus
1293 1487 1324 1536 et
1348 1476 1557 1556 porcionibus

294 1580 552 1663 possessionariis
576 1593 642 1640 tarn
668 1579 734 1640 suis
758 1598 855 1660 quam
880 1577 994 1661 prelati
1025 1580 1161 1642 condam
1189 1581 1367 1643 Sebastiani
1394 1582 1556 1662 Soldinar,

293 1687 443 1749 videlicet
467 1687 499 1748 in
525 1685 677 1748 domibus
702 1700 766 1748 tam
801 1686 933 1747 mutatis
965 1705 1062 1767 quam
1088 1687 1213 1767 ligneis,
1246 1707 1281 1748 ac
1307 1685 1415 1748 fundis
1440 1703 1471 1748 et
1494 1702 1556 1750 sta-

293 1794 442 1856 cionibus
466 1814 502 1854 ac
526 1793 646 1854 celario
670 1793 819 1854 similiter
837 1793 979 1871 muratis,
1004 1807 1035 1854 et
1060 1792 1216 1854 hedificiis
1241 1794 1397 1855 universis
1421 1807 1486 1856 tam
1512 1795 1556 1855 la-

293 1900 378 1982 pidei
404 1918 500 1982 quam
526 1899 626 1980 lignei
658 1899 765 1980 operis
797 1899 829 1960 in
862 1899 945 1960 dicta
978 1899 1104 1961 civitate
1137 1900 1224 1976 sitis,
1257 1919 1292 1961 ac
1321 1900 1352 1960 in
1378 1899 1502 1981 (h)ortis
1526 1914 1556 1962 et

293 2006 430 2086 stabulo,
457 2027 493 2068 ac
518 2006 550 2066 in
575 2005 679 2066 vineis
703 2019 734 2067 et
760 2005 791 2066 in
816 2005 904 2066 silvis
928 2025 964 2066 ac
988 2007 1019 2066 in
1045 2005 1136 2066 tetris
1153 2005 1327 2068 arabilibus
1351 2019 1381 2066 et
1405 2004 1556 2068 fenilibus

293 2115 325 2175 in
350 2114 515 2175 montibus
539 2127 570 2174 et
594 2112 626 2172 in
652 2131 765 2193 campo
791 2131 826 2172 ac
852 2112 883 2174 in
917 2111 1078 2174 territorio
1111 2112 1247 2180 civitatis
1272 2111 1412 2193 predicte
1437 2112 1504 2172 sitis
1526 2126 1556 2174 et

293 2219 418 2298 habitis,
442 2217 567 2301 prefato
585 2217 751 2279 Anthonio
776 2217 914 2296 literato,
932 2219 1056 2279 concivi
1075 2231 1195 2296 nostro,
1220 2218 1289 2280 viro
1314 2238 1372 2278 suo
1396 2218 1555 2299 legittimo

293 2327 423 2388 donavit
440 2339 596 2408 perpetuo
615 2325 825 2406 possidendas
842 2338 873 2386 et
889 2325 1062 2406 superinde
1081 2338 1127 2385 est
1144 2325 1202 2385 sibi
1221 2325 1311 2386 litera
1325 2327 1383 2386 sub
1400 2324 1553 2407 pendenti

292 2433 398 2514 sigillo
416 2431 658 2494 communitatis
675 2444 832 2493 emanata.

396 2539 475 2600 Item
498 2538 640 2620 predicta
674 2537 807 2599 domina
833 2538 1007 2600 Katherine
1041 2551 1071 2597 et
1095 2536 1235 2619 prelatus
1268 2537 1451 2598 Anthonius
1484 2537 1553 2598 lite·

291 2661 376 2707 ratus
399 2646 447 2707 vir
471 2665 548 2707 suus
572 2644 750 2728 legittimus
775 2645 1016 2706 matrimonium
1035 2645 1180 2705 similiter
1205 2657 1431 2706 contraxerunt
1456 2660 1486 2705 et
1510 2646 1552 2705 ob

291 2752 351 2814 hoc
369 2753 433 2835 ipse
459 2751 643 2814 Anthonius
666 2765 794 2812 centum
812 2752 881 2813 flor.
907 2765 937 2812 et
961 2751 1029 2832 ipsa
1054 2751 1185 2811 domina
1205 2749 1378 2812 Katherine
1396 2751 1552 2812 ducentos

291 2857 359 2920 flor.
373 2859 441 2920 auri
458 2857 605 2940 similiter
621 2871 873 2940 composuerunt
896 2857 950 2917 tali
968 2857 1027 2917 sub
1045 2856 1247 2934 condicione,
1265 2856 1352 2938 quod
1370 2857 1395 2917 si
1414 2856 1473 2938 ipsi
1487 2862 1552 2918 Arx·

291 2964 403 3026 thonio
426 2965 554 3027 literato
578 2965 718 3046 premori
744 2963 914 3044 contigerit
946 2977 976 3024 et
1001 2963 1059 3044 ipsi
1086 2963 1217 3024 domine
1243 2963 1418 3024 Katherine
1443 2983 1552 3045 super·

292 3071 397 3132 vivere
422 3071 602 3151 contigerit,
628 3083 742 3131 extunc
769 3069 827 3151 ipsi
853 3082 981 3130 centum
1007 3069 1076 3130 flor.
1096 3068 1229 3150 predicti
1254 3069 1410 3131 Anthonii
1436 3069 1550 3132 literati

292 3175 410 3259 prefate
435 3176 568 3238 domine
594 3175 769 3240 Katherine
794 3195 868 3236 cum
893 3175 985 3236 dictis
1009 3175 1074 3236 suis
1099 3175 1245 3237 ducentis
1273 3175 1341 3240 flor.
1367 3189 1552 3237 remaneant

291 3296 444 3366 perpetuo
469 3282 666 3364 possidendi,
691 3282 950 3344 contradiccione
975 3283 1122 3342 omnium
1149 3280 1280 3342 fratrum
1306 3295 1336 3342 et
1361 3282 1551 3362 consangui-

291 3409 425 3452 neorum
450 3390 550 3472 ipsius
574 3388 731 3450 Anthonii
757 3389 873 3450 literati
891 3408 957 3450 non
982 3390 1140 3466 obstante,
1165 3389 1189 3448 si
1208 3401 1316 3449 autern
1335 3389 1393 3470 ipsi
1419 3388 1550 3450 domine

290 3497 464 3560 Katherine
490 3497 630 3579 premoti
656 3509 686 3558 et
710 3496 855 3578 predicto
881 3494 1046 3556 Anthonio
1071 3495 1197 3556 literato
1220 3495 1423 3577 supervivere
1449 3495 1549 3556 conti-

289 3605 380 3684 gerit,
405 3617 521 3665 extunc
552 3601 686 3684 predicti
720 3602 848 3664 ducenti
884 3601 953 3664 flor.
986 3601 1091 3660 eidem
1125 3600 1291 3661 Anthonio
1324 3601 1451 3662 literato
1476 3620 1548 3662 cum

289 3709 381 3770 dictis
404 3709 469 3769 suis
493 3722 621 3770 centum
640 3707 709 3771 flor.
728 3707 795 3768 auri
815 3721 1000 3768 remaneant
1017 3707 1164 3767 similiter
1182 3720 1338 3788 perpetuo
1362 3707 1548 3788 possidendi

288 3815 544 3877 contradiccione
563 3813 709 3875 omnium
735 3833 908 3895 puerorum
934 3813 1033 3894 ipsius
1047 3812 1177 3873 domine
1203 3813 1375 3874 Katherine
1402 3833 1466 3874 non
1492 3815 1550 3874 ob·

287 3937 398 3984 stante.

392 4027 470 4090 ltem
496 4028 638 4110 predicta
663 4027 795 4088 domina
819 4026 994 4088 Katherina
1020 4028 1224 4089 medietatem
1250 4027 1415 4088 cuiusdam
1441 4027 1550 4108 (hlorti

287 4151 372 4196 extra
397 4137 523 4196 Novam
549 4147 674 4217 portam
699 4135 836 4196 civitatis
860 4134 1000 4216 predicte
1027 4147 1057 4195 et
1086 4135 1116 4195 in
1142 4135 1301 4195 territorio
1325 4134 1461 4194 civitatis
1477 4154 1548 4215 pre-

287 4242 369 4304 dicte
393 4243 474 4303 inter
498 4241 594 4303 aliam
619 4241 827 4303 medietatem
853 4240 997 4302 eiusdem
1030 4241 1138 4322 (h)orti
1172 4241 1253 4302 inter
1277 4241 1464 4322 porcionem
1490 4241 1546 4301 do-

286 4349 371 4409 mine
386 4349 486 4409 Elene
499 4345 562 4409 filie
580 4347 679 4430 ipsius
693 4347 824 4408 domine
840 4347 1013 4409 Katherine
1027 4361 1057 4408 et
1075 4348 1155 4409 inter
1169 4346 1322 4408 fossatum
1337 4361 1443 4407 nostre
1459 4365 1547 4406 com·

286 4455 449 4516 munitatis
465 4453 618 4534 habitam,
643 4452 766 4536 prefato
785 4453 950 4514 Anthonio
976 4453 1100 4514 literato
1125 4467 1159 4514 ut
1177 4471 1261 4513 novo
1286 4452 1408 4512 concivi
1437 4466 1545 4513 nostro

286 4559 418 4622 donavit
434 4573 589 4642 perpetuo
606 4559 834 4642 possidendam
853 4573 883 4620 et
902 4559 1074 4641 superinde
1099 4558 1249 4640 predictis
1273 4558 1424 4618 omnibus
1448 4557 1547 4618 dona·

286 4666 432 4727 sionibus
457 4665 516 4747 ipsi
541 4665 708 4727 Anthonio
734 4665 860 4726 literato
877 4677 949 4725 sunt
966 4665 1056 4726 litere
1074 4665 1132 4725 sub
1150 4663 1301 4745 pendenti
1327 4663 1434 4744 sigillo
1459 4682 1547 4724 com-

286 4771 451 4833 munitatis
475 4783 633 4833 emanata.

393 4878 471 4938 ltem
497 4877 649 4938 dominus
674 4877 834 4938 Seboldus
851 4877 1035 4958 capitaneus
1053 4875 1188 4936 civitatis
1210 4875 1350 4957 predicte
1377 4891 1407 4936 et
1432 4875 1546 4936 Valen-

289 4981 374 5043 tinus
399 4981 495 5065 judex
522 4980 606 5044 filius
638 4983 774 5044 condam
810 4981 975 5044 Michaelis
1005 4981 1136 5063 judicis,
1171 4995 1332 5043 exactores
1364 4983 1546 5043 debitorum
