3816 5802
430 803 558 866 Thome
583 805 784 887 carpentarii,
809 807 932 867 concivi
966 821 1088 886 nostro,
1121 820 1168 868 est
1192 821 1328 869 statutus
1359 807 1533 870 literatorie
1558 807 1689 890 perhen-

429 911 510 972 niter
541 912 755 995 possidendus
789 913 842 992 ita,
874 913 963 994 quod
996 914 1062 995 ipse
1094 914 1221 975 Blasius
1253 915 1472 1000 carpentarius
1505 915 1544 975 de
1577 915 1689 976 eodem

428 1017 530 1078 fundo
554 1018 648 1080 unius
672 1031 784 1100 quarte
816 1019 903 1080 curie
936 1020 1080 1101 predicto
1112 1020 1250 1082 claustro
1284 1021 1385 1082 sancti
1418 1021 1544 1082 Nicolai
1569 1020 1690 1082 confes·

427 1125 508 1185 soris
532 1137 562 1186 et
586 1123 736 1186 fratribus
760 1125 792 1186 in
817 1145 856 1186 eo
880 1126 1100 1187 habitantibus
1124 1127 1156 1188 in
1190 1126 1271 1188 festo
1296 1141 1404 1188 sancte
1429 1126 1604 1188 Katheriue
1628 1127 1690 1188 vir·

426 1230 511 1312 ginis
534 1231 746 1313 quadraginta
770 1229 919 1293 denarios
942 1233 1109 1294 annuatim
1135 1232 1318 1315 persolvere
1342 1233 1514 1294 tenebitur.

533 1354 609 1418 ltem
634 1355 720 1417 idem
746 1355 870 1417 Blasius
894 1357 1111 1438 carpentarius
1132 1356 1313 1440 predictum
1337 1355 1476 1418 fundum
1500 1377 1594 1418 suum
1612 1376 1688 1418 con-

426 1461 621 1523 dicionalem
646 1481 717 1524 cum
743 1462 808 1523 suis
825 1461 1030 1544 pertinenciis
1055 1477 1176 1528 etcum
1201 1464 1314 1524 eadem
1338 1464 1530 1526 condicione
1555 1465 1689 1545 quadra·

424 1568 512 1648 ginta
537 1567 742 1631 denariorum
766 1569 932 1631 annuatim
956 1589 1082 1652 semper
1105 1569 1138 1630 in
1163 1569 1307 1651 predicto
1330 1569 1411 1632 festo
1436 1585 1544 1632 sancte
1570 1571 1687 1632 Katbe-

425 1675 493 1735 rine
517 1675 649 1756 virginis
685 1673 808 1758 prelato
840 1675 978 1737 claustro
1011 1689 1042 1737 et
1073 1675 1223 1737 fratribus
1254 1677 1286 1738 in
1311 1697 1350 1738 eo
1382 1676 1602 1739 habitantibus
1631 1697 1688 1758 per

426 1781 620 1842 Dorotheam
647 1782 815 1844 mulierem
840 1782 983 1843 relictam
1017 1781 1155 1843 condam
1181 1782 1310 1844 Thome
1335 1783 1484 1846 Oczwirlr
1520 1785 1686 1845 aunuatim

424 1887 650 1970 persolvendo,
675 1888 781 1949 eidem
799 1888 962 1950 Dorothee
987 1889 1115 1950 mulieri
1133 1908 1192 1971 pro
1216 1890 1370 1971 porcione
1383 1910 1440 1953 sua
1465 1891 1560 1952 unius
1577 1905 1687 1972 quarte

424 2009 454 2055 et
478 2009 589 2056 octave
616 1995 714 2074 curie,
739 2013 836 2076 quam
862 1995 929 2076 ipsa
948 1996 978 2056 in
1005 1994 1144 2076 quadam
1164 1995 1263 2057 domo
1288 1997 1387 2078 ipsius
1404 1997 1542 2059 condam
1560 1997 1687 2060 Thome

423 2099 571 2162 Oczwirk
594 2102 625 2162 in
651 2101 734 2163 dicta
752 2101 878 2163 civitate
904 2102 986 2162 inter
1010 2100 1126 2162 domos
1147 2115 1178 2162 et
1201 2100 1320 2164 fundos
1345 2103 1521 2165 liberorum
1547 2104 1684 2166 condam

423 2206 575 2288 Stephani
600 2207 751 2288 agricole,
776 2207 1002 2285 ameridione,
1027 2221 1058 2269 et
1083 2207 1166 2270 Petri
1184 2209 1308 2291 Ztoyko
1333 2228 1369 2270 ac
1395 2209 1534 2291 Philippi
1552 2210 1686 2288 clientis,

422 2333 439 2374 a
463 2313 692 2394 septemtrione
715 2313 823 2374 habita
843 2313 1006 2394 possidere
1039 2313 1277 2394 dinoscebatur,
1294 2335 1350 2397 per
1368 2315 1502 2376 modum
1527 2330 1685 2397 permuta·

421 2419 523 2481 cionis
546 2432 577 2481 et
600 2419 779 2481 concambii
803 2419 991 2501 simpliciter
1014 2419 1103 2481 dedit
1127 2435 1283 2504 perpetuo
1302 2421 1545 2503 possidendum,
1578 2437 1609 2485 et
1632 2442 1685 2483 su·

422 2525 555 2607 perinde
587 2526 714 2607 utrique
744 2527 884 2606 ipsarum
917 2526 1061 2608 parcium
1094 2527 1244 2588 videlicet
1277 2527 1336 2609 ipsi
1363 2527 1527 2589 Dorothee
1559 2528 1684 2590 mulieri

420 2652 515 2715 super
538 2632 684 2714 predicto
717 2630 819 2694 fundo
851 2632 1090 2711 condicionali,
1123 2633 1163 2694 de
1196 2653 1261 2715 quo
1294 2633 1506 2715 quadraginta
1538 2635 1685 2696 denarios

420 2737 519 2799 modo
542 2738 688 2820 predicto
719 2739 900 2820 persolvere
931 2738 1092 2800 tenebitur
1117 2759 1172 2820 per
1197 2760 1240 2818 se,
1273 2754 1304 2801 et
1337 2738 1463 2821 prefato
1489 2740 1596 2801 Blasio
1620 2760 1683 2801 car·

420 2845 566 2926 pentario
590 2864 685 2927 super
709 2845 849 2926 predicta
875 2845 1028 2926 porcione
1051 2845 1151 2906 libera
1172 2846 1317 2908 eiusdem
1343 2845 1505 2907 Dorothee
1531 2846 1683 2924 mulieris,

421 2970 485 3032 que
510 2951 615 3012 eidem
643 2951 748 3012 blasio
777 2951 976 3032 carpentario
1008 2952 1274 3014 condicionaliter
1305 2953 1398 3014 cessit
1433 2967 1464 3014 et
1488 2953 1520 3014 in
1545 2973 1577 3013 se
1605 2971 1683 3013 con-

421 3058 500 3118 tinet
524 3069 669 3138 quartam
695 3071 725 3118 et
749 3073 907 3134 octavam,
932 3077 1046 3139 prose
1071 3058 1217 3120 similiter
1234 3073 1308 3120 sunt
1331 3059 1422 3120 litere
1447 3060 1506 3120 sub
1531 3058 1682 3141 pendenti

418 3163 526 3245 sigillo
551 3163 791 3225 communitatis
821 3177 978 3226 emanate.

526 3287 603 3349 ltem
638 3288 737 3350 Lucia
768 3287 876 3350 relicta
909 3289 1046 3350 condam
1079 3291 1208 3352 Martini
1241 3291 1370 3352 sartoris
1401 3291 1478 3352 dicti
1504 3291 1681 3374 Strutycza,

418 3395 582 3475 quandam
608 3395 742 3456 domum
766 3415 856 3456 suam
882 3396 986 3456 medie
1011 3397 1097 3458 curie
1113 3397 1210 3458 simul
1238 3417 1311 3460 cum
1337 3396 1437 3459 fundo
1463 3411 1495 3460 et
1525 3395 1681 3460 hedificiis

420 3501 451 3562 in
478 3500 560 3562 dicta
593 3502 719 3563 civitate
752 3503 835 3564 inter
866 3503 1000 3564 domum
1034 3502 1183 3584 Gregorii
1216 3505 1325 3586 Zaylto
1358 3503 1509 3585 lutifiguli
1545 3519 1576 3564 et
1601 3505 1681 3566 inter

418 3606 550 3668 domurn
578 3608 690 3670 Briccii
716 3608 754 3668 de
780 3608 946 3670 Kralewcz
971 3624 1001 3671 et
1019 3609 1173 3671 Demetrii
1199 3608 1256 3671 filii
1281 3611 1330 3672 sui
1354 3611 1509 3689 habitam,
1535 3609 1679 3692 Georgio

417 3714 530 3774 sartori
554 3711 622 3775 filio
648 3715 809 3775 Francisci
834 3715 981 3776 vendidit
1005 3730 1161 3798 perpetuo
1194 3717 1422 3799 possidendam
1448 3732 1478 3778 et
1509 3718 1680 3801 superinde

416 3833 462 3880 est
493 3820 584 3881 litera
608 3821 667 3882 sub
692 3821 845 3903 pendenti
870 3822 976 3902 sigillo
998 3825 1239 3886 communitatis
1263 3839 1419 3888 emanata.

525 3944 602 4005 ltem
634 3945 766 4006 domina
797 3951 925 4028 Agycza
969 3947 1077 4009 relicta
1112 3949 1249 4009 condam
1283 3947 1415 4030 Georgii
1449 3949 1584 4032 cirologi
1617 3949 1680 4012 filia

416 4070 492 4111 vero
517 4051 642 4114 Nicolai
668 4051 831 4130 aurifabri,
855 4054 984 4113 terciam
1003 4068 1125 4135 partem
1151 4055 1317 4116 cuiusdam
1336 4055 1453 4117 domus
1477 4073 1507 4118 et
1532 4057 1623 4120 fundi
1641 4078 1676 4119 ac

416 4156 523 4217 celarii
548 4159 746 4219 subterranei
771 4179 807 4220 ac
833 4157 1056 4220 hedificiorum
1082 4161 1181 4241 ipsius
1199 4161 1336 4222 condam
1361 4162 1488 4224 Nicolai
1513 4163 1677 4242 aurifabri,

417 4263 447 4322 in
475 4263 558 4324 dicta
583 4265 710 4325 civitate
736 4265 818 4326 iuter
842 4265 957 4326 domos
981 4281 1011 4326 et
1045 4265 1163 4328 fundos
1187 4267 1307 4349 prefate
1339 4269 1472 4330 domine
1497 4274 1636 4353 Agycze,
1661 4291 1677 4331 a

414 4371 654 4452 septemtrione,
679 4387 710 4433 et
734 4372 900 4434 Michaelis
936 4373 1099 4454 portulani
1136 4395 1152 4434 a
1178 4375 1357 4436 meridione
1383 4375 1490 4438 habite
1515 4377 1619 4456 sitam,
1643 4378 1675 4438 in

414 4496 477 4558 qua
502 4477 624 4540 scilicet
647 4492 735 4560 parte
761 4477 851 4538 fundi
878 4492 908 4539 et
940 4479 1056 4540 domus
1080 4500 1180 4542 unum
1214 4482 1331 4542 solium
1357 4501 1428 4543 cum
1454 4485 1546 4544 stuba
1571 4499 1602 4545 et
1625 4504 1675 4545 co·

414 4583 513 4664 quina
538 4604 573 4644 ac
598 4603 723 4645 camera
748 4583 892 4646 edificata
921 4583 989 4646 fore
1018 4586 1239 4666 dinoscuntur,
1274 4607 1347 4649 cum
1372 4589 1436 4649 suis
1461 4590 1676 4671 pertinenciis,

415 4690 515 4771 ipsam
540 4709 599 4770 pro
624 4692 776 4772 porcione
808 4711 864 4752 sua
897 4692 1080 4753 divisionali
1117 4709 1374 4773 concernentem,
1407 4695 1539 4757 domine
1564 4697 1676 4758 Vrsule

414 4793 477 4856 filie
503 4795 605 4858 fratris
629 4797 677 4858 sui
704 4797 842 4858 Ladislai
868 4797 1019 4860 aurifabri
1045 4819 1129 4860 nunc
1153 4802 1243 4862 uxori
1273 4801 1430 4882 legittime
1456 4802 1590 4884 Georgii
1609 4805 1673 4887 pel·

414 4901 505 4963 lificis
529 4903 617 4965 dedit
634 4918 665 4964 et
689 4904 888 4986 perpetuavit
914 4921 1069 4987 perpetuo
1087 4907 1314 4988 possidendam
1333 4922 1363 4970 et
1379 4909 1553 4991 superinde
1571 4911 1673 4972 eidem

414 5009 528 5072 Vrsule
554 5010 684 5070 domine
703 5025 749 5072 est
766 5011 855 5072 litera
873 5014 931 5073 sub
950 5013 1102 5095 pendenti
1120 5014 1227 5095 sigillo
1252 5017 1493 5078 communitatis
1518 5033 1673 5078 emanata.
