3854 5798
407 512 469 574 262
938 511 1024 568 Anno
1045 507 1137 587 1467.

407 723 497 784 muni
522 735 553 785 et
570 721 651 784 infra
676 742 777 804 usque
794 722 935 784 rivulum
960 741 1017 784 seu
1035 735 1176 784 meatum
1197 741 1281 803 aque
1298 721 1459 804 pluvialis,
1482 722 1580 784 simul
1598 741 1675 784 cum

407 829 548 910 virgulto
572 828 678 890 eidem
703 829 797 891 vinee
821 827 990 906 adjacenti,
1015 847 1074 890 nec
1101 847 1167 890 non
1193 847 1266 890 cum
1290 828 1382 892 totali
1406 829 1543 908 ltoucha,
1567 827 1676 890 doleis

407 951 438 997 et
460 935 675 998 torcularibus
698 949 729 996 et
763 935 835 996 aliis
859 947 918 996 etc.
952 935 1143 996 utilitatibus
1175 934 1311 1016 provido
1342 935 1412 997 viro
1437 935 1538 997 Paulo
1570 936 1674 997 sutori

408 1041 614 1104 inhabitatori
641 1041 723 1102 dicte
744 1041 880 1102 civitatis
896 1039 965 1103 filio
982 1040 1148 1102 Benedicti
1166 1040 1329 1122 Osamych
1348 1040 1425 1103 dicti
1442 1041 1481 1102 de
1508 1042 1673 1125 Bosyako·

409 1170 501 1233 wyna
525 1165 556 1212 et
580 1150 679 1233 ipsius
703 1149 876 1211 heredibus
908 1170 966 1233 pro
999 1169 1053 1212 sex
1077 1148 1146 1212 flor.
1179 1149 1247 1210 auri
1279 1149 1426 1211 vendidit
1449 1150 1489 1211 de
1513 1169 1673 1212 consensu

407 1258 587 1320 vicinorum
611 1257 829 1339 predictorum
854 1256 940 1337 juxta
964 1257 1190 1318 condicionem
1218 1256 1303 1319 dicte
1327 1256 1465 1318 civitatis
1489 1257 1673 1338 quomodo·

407 1385 546 1447 cumque
570 1364 709 1427 voluerit
733 1363 980 1446 disponendam,
1012 1363 1071 1424 sub
1104 1363 1197 1425 metis
1221 1362 1252 1424 in
1285 1363 1447 1444 prioribus
1471 1363 1571 1424 literis
1595 1383 1672 1424 con·

406 1472 511 1550 tentis,
534 1471 585 1532 cui
610 1471 684 1532 data
707 1483 755 1532 est
777 1469 869 1532 litera
892 1461 1103 1552 privilegialis
1126 1470 1184 1530 sub
1208 1469 1317 1550 sigillo
1344 1469 1428 1530 dicte
1452 1469 1599 1531 civitatis.

515 1577 592 1639 item
618 1576 693 1657 quia
718 1575 766 1637 vir
790 1576 945 1658 providus
976 1589 1007 1637 et
1038 1574 1192 1637 honestus
1218 1574 1411 1638 Benedictus
1443 1575 1571 1639 institor
1594 1576 1673 1637 civis

408 1683 492 1746 dicte
526 1683 662 1744 civitatis
693 1681 840 1744 vendidit
876 1681 1039 1764 quandam
1071 1681 1231 1744 vinealem
1264 1681 1452 1764 porcionem
1484 1701 1586 1761 suam,
1610 1695 1673 1744 tres

407 1790 518 1872 glebas
542 1789 639 1869 vulgo
663 1789 762 1869 grede
786 1787 898 1867 dictas,
923 1787 1063 1850 nuncin
1087 1801 1226 1870 quatuor
1242 1787 1353 1868 glebas
1370 1807 1549 1866 conversas,
1574 1807 1672 1871 penes

408 1897 504 1960 aliam
529 1896 656 1958 vineam
681 1895 781 1978 ipsius
805 1895 969 1958 Benedicti
995 1893 1158 1973 institoris,
1182 1914 1200 1956 a
1224 1908 1311 1975 parte
1336 1895 1592 1977 septemtrionali
1617 1895 1672 1956 ha-

409 2003 508 2064 bitam
531 2015 562 2064 et
586 2001 786 2080 existentem,
811 2021 847 2063 ac
880 2001 963 2064 inter
994 2001 1122 2062 vineam
1155 2001 1330 2062 liberorum
1364 2021 1420 2063 seu
1452 2021 1671 2064 successorum

409 2107 546 2172 condam
573 2106 705 2189 Georgii
723 2107 907 2190 timpaniste
931 2128 950 2168 a
974 2121 1063 2188 parte
1091 2106 1296 2168 meridionali
1314 2106 1456 2168 habitam
1481 2122 1512 2169 et
1536 2109 1671 2170 existen·

409 2229 484 2292 tem,
516 2233 574 2295 pro
606 2214 719 2275 decem
750 2212 820 2276 flor.
852 2214 921 2275 auri
957 2212 1103 2275 vendidit
1138 2233 1246 2274 coram
1279 2213 1373 2274 nobis
1404 2228 1561 2297 perpetuo
1585 2215 1672 2296 juxta

409 2319 634 2382 condicionem
659 2319 743 2381 dicte
767 2320 904 2381 civitatis
927 2319 1237 2402 quomodocumque
1262 2320 1401 2383 voluerit
1425 2321 1672 2404 disponendam,

409 2427 460 2490 cui
486 2426 559 2488 data
583 2439 630 2488 est
653 2425 745 2487 litera
770 2426 979 2508 privilegialis
1002 2427 1061 2488 sub
1086 2425 1195 2507 sigillo
1219 2426 1304 2487 dicte
1328 2427 1475 2490 civitatis.

515 2531 593 2593 ltem
619 2532 693 2613 quia
718 2531 766 2592 vir
798 2531 953 2613 providus
984 2545 1015 2594 et
1047 2531 1200 2594 honestus
1232 2533 1389 2594 Martinus
1419 2547 1509 2596 sutor
1539 2534 1673 2618 Vanych

410 2637 514 2700 dictus
540 2637 755 2719 Werlachych
772 2639 1029 2719 cognominatus,
1046 2639 1189 2700 concivis
1205 2652 1322 2718 noster,
1347 2639 1510 2720 quendam
1535 2639 1673 2703 fundum

409 2763 503 2806 suum
528 2764 583 2805 seu
609 2744 703 2805 civile
728 2763 812 2806 nunc
838 2764 974 2806 vacuum
999 2759 1030 2807 et
1052 2744 1211 2807 hedificiis
1227 2745 1416 2807 destitutum
1440 2745 1472 2808 in
1498 2747 1603 2829 platea
1620 2767 1659 2809 ex

409 2851 519 2914 teriori
543 2865 701 2929 sutorum,
719 2871 757 2912 ac
781 2851 862 2912 inter
878 2851 993 2913 domos
1016 2852 1158 2914 virorum
1175 2852 1387 2935 providorum
1409 2865 1440 2914 et
1463 2851 1672 2916 honestorum

410 2959 573 3022 'Ambrosii
598 2959 714 3020 sutoris
738 2959 829 3020 aliter
847 2959 970 3021 Malecz
994 2960 1109 3036 vocati,
1126 2980 1144 3021 a
1162 2960 1352 3040 meridione,
1369 2980 1405 3023 ac
1429 2961 1512 3023 inter
1528 2975 1559 3024 et
1575 2981 1675 3044 penes

411 3057 547 3128 fundum
573 3085 710 3126 vacuum
743 3065 887 3127 eiusdem
923 3065 1052 3127 Martini
1077 3064 1261 3148 Banych,a
1293 3081 1381 3148 parte
1405 3069 1673 3149 septemtrionali,

411 3187 593 3236 nostrorum
617 3172 764 3234 similiter
788 3172 971 3234 concivium
995 3172 1140 3234 habitum
1158 3187 1189 3235 et
1213 3172 1412 3252 existentem,
1437 3174 1543 3257 ipsum
1568 3195 1586 3236 a
1610 3175 1673 3238 De·

411 3280 527 3342 metrio
551 3279 699 3341 similiter
723 3293 831 3342 sutore
855 3279 988 3341 concive
1013 3293 1124 3341 nostro
1147 3279 1215 3342 filio
1241 3279 1374 3361 Georgii
1399 3281 1475 3342 dicti
1500 3281 1673 3365 Boynyko·

410 3386 502 3470 wych
527 3387 705 3467 empcionis
727 3386 821 3448 titulo
837 3386 1012 3448 literatorie
1030 3399 1290 3466 concernentem,
1311 3386 1408 3447 simul
1425 3405 1498 3448 cum
1523 3388 1674 3449 omnibus

411 3507 481 3574 etc„
506 3491 611 3554 eidem
637 3492 803 3554 Demetrio
827 3493 926 3554 sutori
944 3512 1003 3574 pro
1022 3506 1162 3574 quatuor
1178 3491 1248 3554 flor.
1266 3492 1471 3570 vendidisset,
1488 3512 1584 3574 super
1608 3514 1673 3575 quo

411 3598 517 3662 eidem
550 3599 622 3660 data
654 3610 701 3660 est
732 3598 824 3660 litera
857 3598 1067 3680 privilegialis
1095 3600 1154 3661 sub
1185 3599 1293 3680 sigillo
1325 3597 1409 3660 dicte
1433 3601 1674 3662 communitatis

411 3707 510 3769 modo
535 3719 566 3768 et
589 3706 704 3768 ordine
727 3705 804 3767 suis.

516 3813 596 3875 Item
620 3813 696 3895 quia
720 3813 855 3894 provida
872 3825 902 3874 et
918 3811 1052 3874 honesta
1077 3811 1209 3872 domina
1228 3809 1402 3874 Katherina
1427 3825 1539 3874 vocata
1563 3811 1673 3875 relicta

410 3918 548 3990 condam
574 3918 752 3980 Sebastiani
779 3917 939 4000 Soldynar
964 3917 1051 3997 dicti,
1076 3918 1155 3979 olim
1188 3918 1329 3979 concivis
1353 3918 1463 3997 nostri,
1489 3938 1574 3980 nunc
1597 3937 1673 3981 vero

411 4045 542 4088 consors
564 4025 723 4105 legittima
745 4024 804 4086 viri
830 4024 956 4106 providi
981 4038 1012 4086 et
1036 4025 1162 4087 honesti
1184 4023 1341 4085 Anthonii
1366 4023 1502 4086 senioris
1525 4023 1620 4104 jurati
1644 4039 1675 4086 et

411 4132 552 4194 concivis
576 4131 676 4192 nostri
700 4129 757 4192 filii
783 4129 938 4193 lobannis
955 4131 1031 4192 dicti
1061 4130 1160 4192 Rotth
1185 4129 1224 4192 de
1255 4131 1480 4211 Neremberga,
1512 4131 1674 4194 executrix

411 4252 442 4299 et
466 4237 683 4298 commissaria
708 4238 809 4318 probe
834 4250 866 4298 et
889 4236 1021 4298 honeste
1044 4235 1182 4298 condam
1206 4236 1338 4298 domine
1364 4235 1465 4298 Elena
1489 4249 1602 4300 vocate
1626 4257 1674 4298 re·

410 4345 484 4406 licte
510 4344 646 4405 condam
671 4344 820 4424 Gregorii
853 4343 1041 4405 coloratoris
1073 4361 1255 4425 pannorum
1288 4343 1368 4404 olim
1400 4343 1542 4404 concivis
1574 4343 1674 4405 nostri

410 4448 468 4511 filii
494 4447 627 4530 Georgii
652 4449 691 4511 de
717 4449 929 4532 Hraztoycza,
954 4463 985 4511 et
1008 4448 1138 4511 tandem
1156 4449 1313 4510 consortis
1336 4448 1493 4530 legittime
1518 4449 1673 4511 Demetrii

411 4555 527 4617 rasoris
551 4574 733 4637 pannorum
757 4557 836 4616 olim
860 4556 996 4617 senioris
1021 4555 1114 4636 jurati
1148 4569 1179 4617 et
1211 4555 1352 4616 concivis
1376 4555 1487 4634 nostri,
1512 4555 1674 4636 quandam

410 4661 539 4723 vineam
563 4661 708 4722 eiusdem
733 4662 871 4724 condam
902 4662 1058 4724 Demetrii
1092 4661 1208 4723 rasoris
1239 4680 1434 4744 pannorum,
1458 4660 1490 4722 in
1514 4661 1674 4723 territorio

410 4768 493 4829 dicte
518 4768 653 4829 civitatis
678 4787 713 4830 ac
738 4768 820 4829 inter
846 4769 973 4830 vineam
998 4769 1176 4830 liberorum
1209 4787 1265 4829 seu
1289 4787 1508 4829 successorum
1533 4767 1672 4830 condam

411 4875 501 4934 Pauli
526 4874 642 4936 sutoris
668 4875 790 4956 Weryn
816 4875 892 4936 dicti
918 4875 996 4936 olim
1021 4875 1164 4936 concivis
1187 4874 1299 4952 nostri,
1324 4887 1446 4956 aparte
1470 4874 1672 4958 septemtrio·

413 4979 489 5061 nali,
514 4999 549 5041 ac
575 4981 657 5044 inter
681 4981 791 5046 vineas
820 4982 962 5044 virorum
996 4979 1205 5066 providorum
1238 4979 1389 5070 videlieet
1414 4977 1534 5069 Mathis
1558 4979 1675 5044 sutoris
