3816 5802
792 543 879 601 Anno
901 556 995 620 1449·
1469 563 1527 625 ¹⁰9

263 771 336 814 nem
362 751 488 814 Nicolai
512 752 652 834 agricole
677 751 734 813 nni
760 751 869 831 Marci,
896 753 1002 814 Blasio
1019 755 1131 815 sartori
1157 753 1225 816 filio
1251 755 1380 817 Thome
1405 772 1450 818 est
1468 759 1527 819 sub

262 857 425 941 pendenti
442 858 550 940 sigillo
574 857 816 921 communitatis
840 857 1038 924 confirmata.

368 964 448 1028 ltem
472 965 613 1047 quedam
637 966 731 1028 vinea
748 966 780 1028 in
805 967 965 1028 territorio
983 981 1093 1030 nostro
1118 969 1200 1030 inter
1223 969 1352 1032 vineam
1378 968 1527 1051 Gregorii

262 1071 416 1134 institoris
440 1071 518 1134 dicti
542 1071 775 1156 Wrecharych,
807 1093 824 1133 a
850 1074 1091 1156 septemtrione,
1124 1087 1155 1138 et
1187 1075 1363 1138 liberorum
1389 1075 1527 1139 Emerici

261 1176 411 1240 Nadulen
435 1197 453 1240 a
478 1177 657 1240 meridione
688 1179 807 1258 habita,
829 1179 969 1263 desuper
986 1201 1002 1242 a
1020 1181 1071 1243 via
1089 1183 1254 1244 communi
1271 1195 1303 1243 et
1327 1181 1408 1244 inira
1427 1201 1527 1265 usque

262 1284 413 1364 rivulum,
437 1304 511 1348 cum
535 1285 676 1368 virgulto
700 1287 760 1348 sibi
785 1284 963 1368 subjacenti
988 1307 1020 1350 se
1042 1283 1228 1368 extendens,
1253 1308 1325 1351 cum
1351 1289 1417 1350 suis
1441 1289 1526 1351 utili-

261 1392 379 1454 tatibus
403 1405 435 1455 et
459 1393 665 1475 pertinenciis
689 1394 847 1456 universis
871 1393 972 1457 Elene
1006 1395 1152 1479 Kusycza
1186 1395 1269 1458 dicte
1295 1415 1331 1458 ex
1356 1395 1526 1459 sufficienti

261 1498 533 1581 comprobacione
557 1499 658 1582 ipsius
682 1499 715 1560 in
738 1499 803 1562 alio
820 1513 950 1562 caterno
976 1515 1085 1563 nostro
1103 1502 1268 1564 communi
1290 1500 1433 1582 judiciali
1451 1521 1526 1564 con·

260 1604 396 1686 signata,
420 1617 467 1667 est
489 1618 605 1668 statuta
629 1605 874 1688 privilegialiter
896 1608 956 1669 sub
974 1607 1127 1690 pendenti
1153 1607 1260 1688 sigillo
1286 1609 1527 1670 communitatis

260 1724 417 1804 perpetuo
441 1711 647 1794 possidenda.
1424 1731 1426 1736 '

367 1816 446 1879 ltem
471 1817 590 1880 Paulus
614 1817 755 1880 carnifex
782 1817 866 1882 filius
891 1819 1021 1882 Thome
1053 1821 1195 1883 concivis
1218 1835 1337 1901 noster,
1362 1821 1525 1903 quandam

260 1925 388 1988 vineam
414 1925 446 1986 in
470 1926 633 1988 territorio
657 1927 794 1989 civitatis
819 1927 901 1988 inter
930 1928 1057 1990 vineam
1090 1929 1265 1990 liberorum
1290 1922 1428 1990 condam
1456 1929 1524 1990 Ste-

261 2031 359 2114 phani
377 2031 647 2116 Skerchlrowych,
671 2035 711 2094 ab
736 2051 811 2113 una,
835 2047 866 2095 et
882 2049 970 2116 parte
995 2037 1035 2096 ab
1060 2035 1158 2097 altera
1184 2035 1359 2097 liberorum
1385 2035 1523 2098 condam

263 2138 429 2201 Michaelis
453 2141 563 2221 generi
590 2141 689 2224 ipsius
721 2141 859 2202 condam
892 2140 1046 2224 Stephani
1080 2141 1337 2225 Skerchkowych
1371 2141 1524 2220 habitam,

261 2245 427 2327 desupera
441 2247 491 2308 via
505 2247 670 2309 communi
685 2260 715 2308 et
729 2245 809 2308 inira
825 2267 925 2328 usque
939 2247 1078 2310 rivulum
1093 2268 1125 2309 se
1144 2249 1380 2327 extendentem,
1398 2267 1415 2309 a
1431 2248 1524 2311 Clara

261 2352 396 2414 muliere
431 2354 539 2416 relicta
572 2353 708 2416 condam
735 2353 867 2435 Georgii
899 2352 979 2416 labri
1013 2355 1091 2417 emit
1119 2367 1274 2436 perpetuo
1299 2353 1524 2436 possidendam

261 2473 291 2519 et
314 2460 487 2540 superinde
513 2473 559 2521 est
583 2461 674 2522 litera
698 2461 757 2522 sub
786 2461 938 2542 pendenti
971 2461 1080 2542 sigillo
1105 2459 1344 2522 communitatis
1369 2473 1526 2522 emanata.

367 2566 444 2628 ltem
470 2565 616 2629 Thomas
639 2587 737 2648 gener
761 2566 886 2628 Nicolai
915 2567 1078 2649 llorsvoye
1106 2565 1191 2628 filius
1216 2566 1376 2648 Gregorii,
1402 2565 1523 2627 medie-

261 2686 355 2734 tntem
375 2673 541 2734 cuiusdam
560 2673 677 2735 domus
695 2693 752 2735 sue
771 2673 801 2734 in
820 2673 947 2734 civitate
966 2673 1105 2754 predicta
1124 2673 1206 2734 inter
1223 2673 1338 2734 domos
1362 2687 1393 2734 et
1410 2670 1527 2733 fundos

261 2797 298 2840 ac
320 2777 468 2840 hedificia
493 2779 669 2841 liberorum
695 2777 832 2842 condam
859 2779 942 2842 Petri
970 2778 1115 2860 Hungari
1150 2779 1228 2840 olim
1254 2777 1369 2859 judicis
1394 2791 1424 2840 et
1447 2797 1524 2838 con·

261 2885 339 2946 civis
363 2886 462 2948 nostri
486 2885 544 2948 filii
570 2885 671 2964 Pauli,
703 2887 743 2948 ab
768 2905 843 2964 una,
869 2899 899 2947 et
931 2899 1019 2968 parte
1043 2887 1082 2946 ab
1117 2885 1215 2947 altera
1248 2885 1371 2946 Nicolai
1397 2885 1527 2946 sartoris

261 2991 317 3054 filii
343 2992 427 3054 lwan
453 2993 570 3073 habite,
595 3011 692 3054 unam
717 2993 868 3055 videlicet
892 3007 1038 3074 quartam
1064 2992 1151 3054 curie
1176 2993 1207 3054 in
1232 3012 1266 3054 se
1291 2992 1524 3070 continentem,

261 3119 332 3161 cum
358 3101 423 3161 suis
447 3099 654 3182 pertinenciis
685 3099 856 3160 Francisco
888 3099 987 3160 sutori
1017 3096 1086 3160 filio
1121 3099 1273 3160 Demetrii
1300 3098 1339 3159 de
1365 3097 1525 3180 lwanych,

260 3224 380 3288 genero
414 3225 473 3267 suo
505 3205 640 3267 donarit
662 3219 819 3286 perpetuo
851 3204 1098 3288 possidendam3
1135 3219 1165 3267 et
1195 3205 1291 3266 aliam
1317 3204 1524 3266 medietatem

261 3311 405 3374 eiusdem
431 3311 557 3390 domus,
576 3310 666 3372 fundi
685 3325 715 3374 et
731 3310 968 3388 hedificiorum,
985 3328 1083 3372 unam
1101 3311 1249 3373 similiter
1273 3323 1418 3392 quartam
1438 3311 1525 3371 curie

262 3417 292 3480 in
318 3438 353 3480 se
377 3417 607 3496 continentem,
633 3417 717 3479 idem
744 3417 890 3480 Thomas
914 3431 1005 3479 sutor
1032 3415 1117 3480 fratri
1144 3416 1262 3500 juniori
1289 3417 1449 3478 Francisci
1474 3436 1525 3477 su-

261 3525 339 3585 toris
363 3525 497 3608 predicti
522 3525 655 3586 nomine
686 3525 833 3586 similiter
865 3525 1048 3604 Francisco,
1077 3538 1111 3587 ut
1143 3543 1229 3586 novo
1253 3524 1377 3586 concivi
1403 3519 1525 3602 nostro,

262 3650 320 3713 pro
351 3645 424 3693 octo
456 3631 526 3693 flor.
555 3631 623 3693 auri
658 3631 803 3693 vendidit
834 3644 990 3712 perpetuo
1029 3629 1258 3712 possidendam
1291 3645 1322 3692 et
1353 3628 1525 3712 superinde

261 3751 335 3800 sunt
366 3737 511 3820 duplices
543 3737 634 3800 litere
667 3738 743 3820 ipsis
773 3738 933 3799 ambobus
956 3736 1128 3820 superinde
1152 3738 1211 3798 sub
1236 3736 1390 3820 pendenti
1415 3735 1523 3816 sigillo

261 3845 501 3906 communitatis
525 3857 681 3908 emanate.

315 4083 397 4154 ltem
425 4082 457 4154 in
486 4083 572 4155 festo
601 4081 858 4155 Purificacionis
887 4083 983 4154 beate
1024 4103 1154 4172 semper
1183 4079 1324 4170 virginis
1354 4073 1469 4154 llarie.

779 4237 822 4312 (2.
840 4238 1017 4312 februarii).

367 4377 445 4440 ltem
479 4377 685 4440 Sebastianus
716 4377 820 4440 dictus
852 4378 987 4459 Lyubalr
1020 4376 1105 4438 filius
1137 4375 1290 4458 Stephani
1325 4375 1450 4457 Maryas
1486 4373 1525 4434 de

262 4484 420 4568 Roysche,
447 4484 478 4545 in
503 4503 558 4545 sua
584 4499 615 4546 et
639 4485 770 4546 domine
796 4483 972 4566 Elyzabeth
991 4483 1148 4546 consortis
1172 4501 1226 4543 sue
1252 4481 1406 4563 personis,
1424 4499 1525 4561 quan-

261 4591 336 4652 dam
361 4591 488 4652 vineam
514 4610 625 4652 eorum
651 4590 909 4652 condicionalem
937 4590 968 4651 in
987 4589 1149 4652 territorio
1174 4602 1283 4649 nostro
1309 4587 1390 4648 inter
1415 4587 1526 4648 vineas

262 4697 502 4759 condicionales
527 4697 682 4759 Demetrii
700 4697 839 4777 agricole
865 4695 922 4758 filii
941 4697 1039 4758 Marci
1065 4697 1104 4758 de
1128 4694 1286 4777 Gorycza,
1311 4695 1350 4755 ab
1377 4687 1523 4755 orientali

261 4817 360 4886 parte,
384 4823 441 4887 per
463 4817 565 4866 metas
590 4803 621 4864 in
645 4803 735 4864 litera
764 4823 937 4885 expressas,
979 4823 1016 4864 ac
1041 4803 1177 4864 Fabiani
1212 4799 1351 4882 agricole
1377 4801 1417 4861 ab
1441 4800 1525 4862 occi-

262 4910 382 4972 dentali
408 4924 496 4993 parte
531 4929 588 4992 per
620 4924 737 4970 metam
771 4909 919 4972 similiter
945 4909 975 4970 in
1009 4908 1099 4970 litera
1131 4925 1322 4991 expressam,
1347 4907 1484 4988 desuper
1508 4903 1527 4967 a*

262 5018 403 5100 quodam
428 5017 537 5100 spacio
561 5029 642 5079 terre
668 5030 699 5079 et
722 5037 739 5078 a
764 5017 813 5078 via
844 5017 1020 5094 communi,
1054 5013 1133 5077 infra
1166 5015 1284 5076 directe
1311 5033 1367 5097 per
1395 5013 1524 5075 easdem
