3840 5810
812 537 899 596 Anno
924 551 1013 616 1441.
1509 561 1524 622 3

364 749 442 811 ltem
467 770 504 810 ex
520 749 688 830 legacione
711 750 948 811 testamentaria
966 749 1066 832 ipsius
1092 750 1204 811 Briccii
1233 750 1360 832 judicis,
1385 755 1524 834 quedam

258 869 339 916 terre
364 856 501 916 arabiles
524 855 670 916 eiusdem
690 856 803 918 Briccii
828 854 954 936 judicis,
978 869 1062 918 retro
1081 857 1249 918 ecclesiam
1275 873 1382 920 sancte
1401 859 1525 940 Marga-

258 961 345 1024 rethe
370 962 514 1043 virginis,
540 963 622 1024 inter
645 975 761 1024 terram
795 962 939 1023 eiusdem
965 963 1099 1024 ecclesie
1132 977 1241 1024 sancte
1265 963 1467 1045 Margarethe
1493 979 1524 1027 et

258 1067 339 1128 inter
362 1083 478 1129 terram
503 1067 669 1130 kolendini
689 1066 958 1130 confraternitatis
977 1067 1280 1130 Theuthonicorum
1299 1090 1334 1131 ac
1352 1071 1418 1130 vias
1437 1090 1523 1132 com·

258 1193 371 1234 munes
395 1173 512 1252 habite,
537 1173 677 1234 sedecim
702 1174 754 1234 vel
778 1174 855 1234 citra
880 1173 982 1235 dietas
1005 1187 1087 1236 terre
1107 1175 1138 1235 in
1164 1194 1196 1234 se
1221 1175 1434 1255 continentes,
1451 1197 1523 1259 pre·

259 1278 320 1342 fate
344 1280 475 1342 domine
502 1280 703 1362 Margarethe
728 1281 837 1342 relicte
863 1281 962 1362 ipsius
981 1281 1095 1342 Briccii
1120 1281 1234 1360 judicis
1258 1297 1331 1344 sunt
1355 1285 1414 1345 sub
1445 1305 1522 1367 pen·

258 1386 343 1446 denti
369 1386 476 1467 sigillo
499 1387 741 1448 communitatis
765 1387 1008 1468 privilegialiter
1033 1386 1231 1451 confirmate.

363 1492 439 1554 ltem
466 1492 622 1554 medietas
646 1492 765 1554 directa
791 1506 821 1553 et
845 1493 970 1574 equalis
1004 1493 1169 1554 cuiusdam
1195 1494 1322 1572 domus,
1347 1494 1449 1574 fundi,
1473 1516 1523 1558 ce·

257 1597 393 1679 lariique
418 1599 616 1660 subterranei
639 1613 669 1660 et
686 1597 910 1660 hedificiorum
936 1599 967 1659 in
993 1599 1121 1660 civitate
1139 1599 1281 1682 predicta
1307 1599 1390 1662 inter
1407 1601 1523 1663 domos

258 1717 288 1765 et
312 1702 429 1765 fundos
455 1703 602 1786 Gregorii
628 1705 758 1766 sartoris
783 1720 813 1766 et
837 1705 1014 1767 liberorum
1040 1705 1193 1788 Stephani
1220 1705 1377 1768 Praudich
1402 1706 1521 1786 habite,

258 1830 352 1872 unam
378 1824 524 1893 quartam
551 1825 582 1873 et
606 1811 746 1872 mediam
779 1826 925 1873 octavam
950 1812 982 1874 in
1007 1831 1039 1872 se
1074 1811 1255 1890 continens,
1280 1833 1317 1874 ex
1341 1814 1521 1876 donacione

258 1917 354 1978 Marci
380 1917 532 1978 Zwechar
555 1915 614 1978 filii
639 1917 817 1996 Benedicti,
843 1916 994 1999 Philippo
1012 1917 1121 1980 clienti
1137 1937 1258 1999 genero
1283 1932 1314 1980 et
1332 1919 1522 2000 Magdalene

256 2021 320 2084 filie
345 2023 490 2085 eiusdem
516 2023 617 2085 Marci
641 2022 793 2084 Zwechar
818 2039 864 2084 est
887 2025 947 2084 sub
972 2023 1125 2105 pendenti
1150 2023 1258 2104 sigillo
1281 2025 1522 2088 communitatis

258 2129 499 2210 privilegialiter
523 2128 720 2192 confirmata.

363 2235 439 2297 ltem
473 2236 587 2298 Petrus
618 2235 820 2318 Zudrowych
855 2233 941 2298 filius
975 2235 1205 2315 bartholomei,
1238 2237 1379 2298 concivis
1403 2251 1521 2317 noster,

257 2342 393 2403 decanus
418 2342 581 2403 colendini
607 2340 878 2403 confraternitatis
897 2343 1098 2421 Latinorum,
1123 2343 1154 2404 in
1171 2363 1308 2425 persona
1325 2344 1428 2405 tocius
1445 2363 1519 2406 con-

257 2447 459 2510 fraternitatis
496 2447 659 2530 quandam
693 2449 819 2510 vineam
853 2449 1113 2510 condicionalem
1147 2449 1246 2530 ipsius
1277 2449 1439 2511 colendini
1488 2450 1520 2510 in

256 2555 416 2617 territorio
449 2554 587 2616 civitatis
619 2555 702 2616 inter
733 2555 843 2615 vineas
876 2554 1005 2616 Thome
1037 2555 1155 2616 sutoris
1187 2555 1262 2616 dicti
1301 2555 1455 2618 Podoben
1490 2571 1521 2618 et

257 2660 386 2742 Georgii
412 2661 544 2722 cultoris
568 2661 644 2722 dicti
671 2659 825 2743 Gurgych
843 2660 997 2738 habitam,
1021 2663 1080 2722 sub
1106 2681 1203 2723 censu
1228 2675 1301 2724 octo
1326 2662 1519 2724 cubulorum

257 2768 349 2829 musti
381 2766 523 2849 predicte
556 2765 809 2829 confraternitati
844 2767 1033 2828 Latinorum
1064 2787 1119 2828 seu
1152 2769 1274 2830 decano
1309 2767 1455 2830 eiusdem
1480 2768 1519 2828 de

257 2873 367 2936 eadem
392 2875 486 2935 vinea
511 2875 678 2935 annuatim
696 2893 823 2956 semper
840 2873 1067 2954 persolvend0,
1086 2873 1220 2959 Symoni
1239 2873 1305 2934 filio
1330 2873 1414 2935 lwan
1433 2873 1518 2935 dicto

258 2979 439 3042 Smolchich
458 2979 547 3041 dedit
571 2993 728 3061 perpetuo
746 2979 973 3061 possidendam
997 2993 1028 3041 et
1056 2980 1227 3061 superinde
1253 2980 1358 3041 eidem
1384 2981 1517 3064 Symoni

257 3099 301 3147 est
324 3087 415 3148 litera
439 3088 498 3148 sub
522 3085 675 3167 pendenti
701 3085 808 3165 sigillo
837 3086 1077 3147 communitatis
1101 3099 1260 3148 emanata.

357 3193 434 3255 ltem
462 3192 662 3273 Augustinus
679 3191 800 3271 juratus
825 3190 909 3253 filius
927 3192 1027 3270 Pauli,
1053 3192 1214 3272 quandam
1233 3193 1360 3253 vineam
1381 3191 1518 3252 condam

258 3299 322 3360 Juri
348 3299 530 3362 Corintiani
555 3297 613 3359 filii
639 3299 757 3372 Jarnei,
784 3298 866 3360 inter
891 3298 1000 3358 vineas
1016 3297 1150 3380 predicti
1166 3295 1331 3358 Michaelis
1354 3297 1470 3358 sutoris
1488 3309 1519 3357 et

257 3405 405 3489 Dyonisii
428 3405 556 3483 sutoris,
580 3405 705 3483 decani,
723 3405 877 3483 habitam,
901 3403 1038 3486 desuper
1063 3425 1079 3465 a
1104 3405 1154 3466 via
1172 3405 1336 3466 communi
1362 3416 1393 3466 et
1418 3423 1519 3485 usque

258 3513 351 3574 aliam
376 3513 461 3574 viam
486 3531 693 3574 communem
726 3532 759 3573 se
795 3511 1032 3590 extendentem,
1065 3511 1238 3572 Valentino
1267 3509 1335 3572 filio
1370 3509 1518 3592 Gregorii

256 3619 390 3698 literato,
422 3619 572 3701 privigno
604 3639 681 3696 suo,
713 3619 900 3680 auctoritate
933 3618 1152 3680 commissaria
1185 3617 1332 3680 vendidit
1363 3631 1518 3700 perpetuo

255 3726 479 3807 possidendam
505 3740 536 3786 et
559 3725 730 3807 superinde
756 3725 860 3786 eidem
887 3724 1061 3786 Valentino
1092 3739 1139 3786 est
1163 3723 1254 3784 litera
1280 3725 1339 3785 sub
1364 3723 1518 3805 pendenti

256 3833 359 3913 sigillo
385 3832 626 3893 communitatis
650 3844 807 3892 emanata.

359 3939 437 4000 ltem
463 3939 590 4016 domus,
615 3936 744 4016 fundus,
768 3937 920 3998 celarium
940 3951 970 3998 et
995 3935 1141 3998 hedificia
1168 3937 1198 3996 in
1217 3937 1344 3998 civitate
1363 3937 1518 4018 predicta,

255 4064 348 4126 quam
375 4046 463 4127 prius
487 4045 673 4126 possidebat
698 4045 764 4105 Mik
788 4064 843 4104 seu
869 4045 1022 4106 Nicolaus
1047 4041 1131 4104 iilius
1150 4043 1279 4125 Endrey
1304 4043 1342 4104 de
1369 4043 1519 4123 Nowgar,

255 4171 288 4212 ac
312 4151 406 4212 vinea
432 4151 588 4230 eiusdem,
606 4171 664 4212 nec
689 4170 752 4211 non
772 4165 852 4212 terra
875 4151 1004 4211 arabilis
1021 4163 1051 4211 et
1074 4149 1211 4230 (h)ortus
1229 4150 1374 4210 eiusdem
1392 4149 1518 4210 Nicolai

256 4258 339 4341 Myk,
364 4278 401 4318 ex
427 4257 592 4337 legacione
609 4257 847 4319 testamentaria
874 4257 973 4338 ipsius
998 4256 1122 4316 Nicolai
1144 4256 1220 4338 Myk
1237 4255 1370 4333 verbali,
1397 4255 1427 4316 in
1454 4255 1519 4316 alio

254 4364 385 4424 katerno
411 4378 520 4425 nostro
538 4363 714 4440 communi,
740 4383 777 4423 ex
801 4361 970 4424 sufficienti
990 4361 1262 4442 comprobacione
1286 4361 1441 4422 Anthonii
1461 4359 1518 4422 filii

259 4469 337 4530 Petri
364 4467 469 4531 fratris
488 4469 586 4552 ipsius
603 4469 728 4530 Nicolai
748 4469 824 4546 Mik,
850 4488 905 4550 per
930 4469 1068 4529 eundem
1088 4467 1259 4528 Nicolaum
1279 4469 1352 4551 Myk
1377 4468 1435 4548 ipsi
1454 4471 1517 4526 An·

257 4573 366 4636 thonio
391 4577 586 4636 verbotenus
605 4573 697 4652 facta,
715 4575 819 4636 eidem
845 4575 1012 4637 Anthonio
1030 4573 1097 4635 lilio
1122 4574 1198 4634 dicti
1220 4574 1302 4634 Petri
1329 4587 1374 4632 est
1399 4586 1429 4634 et
1446 4587 1520 4633 sunt

257 4684 313 4740 sub
336 4681 488 4762 pendenti
514 4681 622 4761 sigillo
647 4681 887 4742 communitatis
911 4681 1155 4761 privilegialiter
1179 4678 1376 4740 confirmata.

360 4787 437 4849 ltem
463 4787 602 4868 quedam
626 4800 689 4849 tres
722 4789 891 4869 porciones
924 4787 1064 4849 vineales
1096 4788 1178 4848 inter
1211 4787 1336 4846 vineam
1364 4783 1518 4845 Anthonii

261 4892 363 4954 Kokol
388 4913 423 4954 ac
449 4893 530 4955 inter
555 4894 681 4954 vineam
707 4894 882 4954 liberorum
909 4894 1045 4954 condam
1065 4893 1199 4954 Fabiani
1227 4891 1336 4972 generi
1364 4889 1518 4952 Anthonii

270 4997 419 5060 Pestelich
444 4999 562 5078 habite,
589 4999 762 5061 benedicto
787 5001 897 5062 sartori
924 4999 990 5060 filio
1016 4999 1191 5077 Michaelis,
1221 4999 1334 5078 jurato,
1358 4996 1419 5057 civi
1444 4997 1518 5058 civi-

1415 5099 1430 5135 =l¹
