3832 5804
270 796 356 857 curie
381 810 411 858 et
435 817 533 859 unam
559 809 706 859 octavam
738 797 769 858 in
804 817 837 858 se
869 799 1101 876 continentem,
1136 799 1233 860 simul
1259 819 1330 861 cum
1364 799 1472 861 lundis
1498 821 1535 863 ac

269 902 360 964 terris
384 903 560 965 arabilibus
584 903 678 964 cultis
711 916 742 964 et
774 903 913 982 incultis,
946 904 1040 986 agris,
1073 906 1181 986 pratis,
1213 905 1313 984 silvis,
1338 907 1536 986 nemoribus,

269 1009 400 1088 rubetis,
425 1009 601 1089 montibus,
624 1009 775 1088 vallibus,
791 1009 905 1088 vineis,
926 1011 1028 1092 aquis,
1046 1010 1163 1090 fluviis,
1188 1011 1328 1092 piscinis,
1352 1013 1530 1093 piscaturis,

268 1114 465 1176 molendinis
489 1129 519 1178 et
535 1115 727 1197 generaliter
744 1115 865 1178 cunctis
883 1117 982 1199 ipsius
999 1117 1115 1179 domus
1138 1117 1266 1198 lapidee
1292 1119 1483 1182 utilitatibus
1500 1132 1530 1180 et

268 1221 474 1303 pertinenciis
499 1221 656 1287 universis
680 1222 712 1282 in
738 1221 821 1284 dicta
855 1223 981 1286 civitate
1004 1237 1035 1285 et
1052 1224 1120 1286 eius
1134 1225 1295 1287 territorio
1312 1223 1438 1304 habitis,
1463 1245 1528 1288 ma·

266 1326 366 1409 gistro
397 1325 535 1390 Johanni
567 1328 606 1389 de
632 1327 776 1390 Gradecz
809 1329 935 1392 notario
971 1329 1071 1412 ipsius
1104 1330 1228 1392 domini
1256 1333 1355 1393 nostri
1380 1333 1463 1413 regis
1494 1353 1530 1395 ac

269 1433 397 1496 Andree
434 1433 521 1496 fratri
557 1435 627 1496 eius
663 1434 794 1514 carnali,
826 1435 918 1497 novis
953 1436 1140 1498 concivibus
1164 1437 1291 1516 nostris,
1325 1457 1380 1520 per
1408 1457 1528 1520 eosque

269 1559 381 1602 eorum
407 1541 579 1603 heredibus
602 1541 771 1603 statuimus
795 1556 950 1625 perpetuo
975 1543 1184 1625 possidendas
1214 1557 1245 1606 et
1268 1544 1440 1626 superinde
1472 1547 1531 1607 sub
1558 1553 1559 1556 ’

268 1647 422 1728 pendenti
446 1647 553 1729 sigillo
577 1647 668 1710 litera
693 1661 800 1710 nostre
832 1649 1072 1712 communitatis
1097 1663 1143 1712 est
1166 1651 1225 1712 sibi
1252 1665 1409 1714 emanata.

375 1753 453 1816 ltem
487 1753 583 1816 Clara
614 1755 707 1816 aliter
739 1755 881 1818 Maritha
913 1769 1025 1818 vocata
1057 1756 1167 1818 relicta
1199 1757 1337 1818 condam
1370 1757 1526 1820 Anthonii

268 1857 441 1943 Olsawych
473 1860 567 1940 dicti,
600 1861 741 1923 concivis
772 1875 898 1940 nostra,
931 1862 1093 1944 quandam
1133 1863 1284 1925 directam
1317 1877 1348 1925 et
1379 1865 1527 1946 equalem

268 1966 474 2030 medietatem
499 1967 665 2030 cuiusdam
691 1968 808 2030 domus
828 1989 884 2030 sue
909 1969 1005 2031 simul
1029 1989 1101 2032 curn
1119 1971 1291 2032 medietate
1316 1969 1406 2032 lundi
1431 1985 1463 2034 et
1479 1991 1529 2034 ce-

266 2075 337 2136 larii
360 2076 557 2137 subterranei
581 2095 616 2138 ac
641 2075 842 2138 edificiorum
860 2076 964 2139 eidem
983 2077 1095 2138 domui
1116 2079 1175 2138 sub
1200 2091 1231 2140 et
1254 2077 1529 2160 superjacencium

267 2181 348 2242 inter
372 2181 488 2244 domos
512 2181 674 2245 etlundos
690 2183 832 2244 virorum
855 2183 1065 2266 providorum
1090 2183 1246 2247 Anthonii
1265 2199 1295 2246 et
1320 2185 1439 2246 Mathie
1464 2205 1529 2248 car·

267 2287 397 2350 nificum
422 2287 565 2351 filiorum
590 2290 728 2351 condam
753 2290 918 2369 lobannis,
944 2303 974 2352 et
1007 2290 1137 2352 domine
1163 2290 1267 2353 lwane
1292 2292 1401 2354 relicte
1426 2292 1525 2373 ipsius

267 2373 439 2474 lobannis,
456 2397 496 2457 ab
530 2415 605 2474 una,
637 2411 725 2478 parte
753 2417 829 2458 vero
862 2398 901 2457 ab
934 2396 1032 2458 altera
1065 2397 1165 2458 Marci
1197 2397 1273 2458 dicti
1297 2397 1449 2459 Zwechar
1473 2418 1530 2461 no·

266 2513 403 2562 strorum
427 2501 609 2564 concivium
634 2501 740 2564 habite
769 2516 799 2564 et
816 2503 989 2581 existentis,
1014 2523 1110 2564 unam
1128 2503 1355 2565 tantummodo
1380 2519 1525 2586 quartam

266 2606 352 2668 curie
377 2607 408 2668 in
441 2627 475 2670 se
500 2609 702 2688 continentis,
729 2609 848 2670 Mathie
881 2607 947 2670 filio
981 2609 1096 2670 Marini
1130 2611 1168 2672 de
1203 2609 1372 2692 Cherchky
1404 2610 1528 2672 concivi

265 2728 374 2775 nostro
398 2734 434 2776 ac
458 2733 514 2796 per
538 2734 612 2776 eum
630 2716 695 2776 suis
711 2714 882 2777 heredibus
899 2735 957 2798 pro
974 2729 1095 2796 septem
1113 2715 1181 2778 flor.
1201 2716 1268 2778 auri
1288 2715 1432 2778 vendidit
1457 2735 1527 2798 per-

265 2833 362 2901 petuo
387 2821 616 2903 possidendam
636 2835 666 2882 et
689 2821 861 2904 superinde
886 2824 945 2883 sub
974 2821 1126 2904 pendenti
1163 2822 1270 2904 sigillo
1306 2821 1397 2884 litera
1421 2837 1526 2884 nostre

267 2927 508 2989 communitatis
537 2941 583 2990 est
610 2928 671 2989 sibi
694 2941 852 2990 emanata.

371 3033 449 3096 ltem
473 3033 589 3096 Vrsula
613 3035 722 3097 relicta
758 3035 895 3096 condam
922 3035 1054 3117 Georgii
1087 3082 1198 3100 .....
1223 3056 1308 3098 nunc
1333 3055 1413 3097 uxor
1436 3036 1527 3117 legit-

265 3139 339 3202 tima
356 3139 421 3203 Viti
439 3139 589 3224 Faythlin
607 3139 663 3202 filii
676 3141 781 3202 Benus
792 3141 831 3203 de
854 3140 994 3226 Goryan,
1009 3142 1213 3203 medietatem
1230 3141 1396 3203 cuiusdam
1411 3142 1527 3202 domus

209 3253 211 3256 ’
264 3261 294 3309 et
317 3245 408 3309 fundi
433 3268 469 3310 ac
493 3249 602 3310 celarii
626 3249 834 3328 subterranei,
870 3267 1018 3310 necnon
1052 3248 1250 3310 edificiorum
1285 3248 1389 3310 eidem
1416 3248 1528 3310 domui

263 3355 322 3416 sub
347 3369 378 3416 et
402 3354 688 3437 superjacencium,
713 3355 795 3417 inter
819 3355 935 3417 domos
959 3367 990 3417 et
1014 3353 1133 3416 fundos
1157 3375 1193 3417 ac
1218 3353 1342 3416 edificia
1368 3354 1451 3416 Petri
1477 3375 1528 3415 su-

263 3461 341 3522 toris
364 3475 395 3523 et
419 3461 594 3524 liberorum
619 3481 675 3523 seu
699 3481 919 3523 successorum
948 3462 1086 3524 condam
1112 3461 1237 3524 Crisani
1264 3461 1303 3522 de
1329 3460 1459 3537 Dedicz,
1487 3461 1528 3522 ab

264 3587 337 3646 una,
362 3569 513 3631 videlicet
537 3589 554 3630 a
571 3569 824 3651 septemtrionali
844 3581 943 3650 parte,
966 3581 997 3630 et
1016 3569 1144 3630 Thome
1162 3567 1331 3650 freniparis
1354 3565 1410 3628 filii
1430 3565 1528 3627 Blasii

264 3675 302 3735 de
328 3674 445 3755 Crisio,
468 3695 485 3737 a
503 3675 707 3736 meridionali
725 3689 815 3756 parte
832 3674 974 3736 habitam
1000 3689 1031 3736 et
1047 3675 1247 3752 existentem,
1265 3692 1362 3734 unam
1380 3687 1525 3754 quartam

263 3795 294 3844 et
317 3803 413 3844 unam
439 3797 585 3845 octavam
602 3784 689 3844 curie
713 3782 753 3844 ad
770 3802 864 3844 usum
886 3783 1022 3845 civitatis
1038 3783 1180 3864 predicte
1195 3782 1227 3842 in
1244 3801 1277 3843 se
1296 3781 1525 3858 continentem,

263 3887 386 3970 prelato
410 3889 485 3952 Vito
511 3889 671 3973 Faythlyn
689 3888 846 3950 moderno
870 3888 939 3948 viro
964 3908 1022 3950 suo
1040 3909 1075 3951 ac
1092 3908 1148 3971 per
1173 3907 1246 3948 eum
1272 3887 1340 3948 eius
1365 3901 1524 3947 eteorum

262 3994 434 4057 heredibus
458 3996 642 4078 propinavit
666 4009 822 4078 perpetuo
854 3994 1079 4077 possidendam
1114 4009 1145 4056 et
1168 3993 1340 4076 superinde
1365 3993 1423 4054 sub
1448 4011 1525 4074 pen-

262 4101 349 4163 denti
373 4102 480 4184 sigillo
505 4103 597 4164 litera
622 4115 728 4163 nostre
754 4101 993 4162 communitatis
1017 4115 1064 4164 est
1087 4101 1147 4162 sibi
1172 4113 1328 4162 emanata.

367 4208 443 4270 Item
479 4208 574 4271 Clara
606 4209 697 4269 aliter
729 4207 871 4269 Maricha
904 4220 1015 4269 vocata
1052 4207 1161 4268 relicta
1195 4205 1332 4267 condam
1366 4205 1520 4266 Anthonii

262 4313 417 4376 carnificis
449 4313 613 4397 Olsauych
646 4314 742 4392 dicti,
775 4313 937 4394 quandam
971 4313 1176 4375 medietatem
1209 4311 1374 4373 cuiusdam
1407 4311 1523 4371 domus

261 4440 316 4482 aue
339 4420 435 4482 simul
460 4441 531 4483 cum
556 4420 726 4482 medietate
744 4419 835 4481 lundi
861 4435 891 4482 et
914 4420 1021 4481 celarii
1038 4419 1236 4482 subterranei
1262 4439 1298 4478 ac
1322 4415 1523 4479 edificiorum

261 4527 365 4588 eidem
392 4527 503 4589 domui
536 4529 595 4589 sub
628 4541 658 4588 et
690 4525 976 4608 superjacencium,
1008 4527 1090 4587 inter
1121 4527 1236 4587 domos
1261 4538 1291 4585 et
1314 4522 1433 4585 fundos
1457 4527 1524 4584 An-

260 4632 362 4695 thonii
387 4647 418 4696 et
442 4633 571 4718 Mathye
596 4631 780 4694 carnificum
799 4630 939 4693 filiorum
965 4632 1103 4693 condam
1123 4630 1278 4692 lohannis
1302 4628 1468 4709 carnificis,
1485 4630 1525 4691 ab

260 4759 323 4802 una
348 4755 447 4823 parte,
472 4743 511 4802 ab
531 4740 630 4802 altera
655 4759 731 4801 vero
750 4740 848 4800 Marci
874 4737 1025 4800 Zwechar
1042 4739 1116 4800 dicti
1135 4738 1316 4800 concivium
1342 4750 1524 4798 nostrorum

260 4845 400 4908 habitam
426 4860 457 4908 et
481 4847 680 4925 existentem,
706 4865 802 4906 unam
829 4847 949 4907 curiam
974 4845 1013 4906 ad
1047 4864 1141 4905 usum
1166 4844 1249 4905 dicte
1274 4842 1410 4904 civitatis
1435 4842 1465 4902 in
1491 4861 1524 4903 se

260 4954 490 5032 continentem,
525 4951 667 5034 Georgio
701 4951 814 5012 sartori
845 4949 913 5012 filio
947 4950 1142 5012 Sthankonis
1173 4950 1212 5010 de
1238 4949 1464 5033 Schytaryewo
1489 4967 1524 5009 ac

259 5079 315 5142 per
339 5079 414 5122 eum
437 5061 504 5122 suis
536 5059 709 5122 heredibus
740 5079 799 5142 pro
832 5073 955 5142 septem
987 5057 1058 5120 fior.
1092 5058 1161 5120 auri
1193 5056 1338 5120 vendidit
1369 5069 1525 5141 perpetuo
