3816 5802
772 607 859 665 Anno
882 619 973 685 1445.

344 816 421 878 Item
447 817 586 898 quedam
613 817 831 900 possessiones
862 831 893 880 et
925 819 1094 900 porciones
1127 821 1376 902 possessionarie
1409 821 1505 885 inlra·

239 923 366 1005 scripte,
390 923 541 986 videlicet
565 924 705 1004 quedam
730 923 792 985 due
817 924 933 986 domus
965 939 1087 986 murare
1111 925 1208 987 simul
1242 947 1315 989 eum
1340 927 1449 990 fundis
1474 943 1505 993 et

241 1027 398 1092 hedificiis
423 1030 454 1090 in
473 1031 557 1092 dicta
576 1031 704 1092 civitate
723 1031 804 1092 inter
820 1031 954 1092 domurn
975 1031 1122 1094 similiter
1139 1047 1295 1094 muratam
1321 1049 1352 1096 et
1368 1033 1504 1097 fundum
1590 1018 1594 1026 ’

239 1135 415 1198 liberorum
440 1137 578 1198 condam
603 1135 711 1199 Choni
736 1136 862 1219 judicis,
894 1139 1177 1221 aseptemtrione‚
1210 1153 1240 1200 et
1265 1140 1347 1202 inter
1369 1141 1504 1202 domum

238 1242 378 1322 ligneam
404 1255 434 1304 et
457 1242 594 1304 lundum
620 1244 678 1304 viri
708 1243 834 1325 providi
868 1243 964 1305 Blasii
990 1244 1116 1325 pridem
1148 1245 1263 1326 judicis
1295 1247 1503 1329 concivisque

239 1349 338 1411 nostri
363 1347 420 1410 lilii
447 1349 548 1428 Paull,
581 1369 598 1410 a
631 1349 811 1411 meridione
845 1349 963 1428 habite,
989 1369 1086 1412 unam
1119 1351 1276 1432 integram
1309 1353 1429 1415 curiam
1463 1353 1503 1414 ad

239 1474 332 1516 usum
358 1455 443 1517 dicte
467 1456 602 1517 civitatis
627 1455 659 1517 in
684 1476 716 1516 se
743 1456 964 1532 continentes;
989 1456 1064 1518 item
1085 1458 1217 1538 quidam
1243 1457 1362 1520 fundus
1385 1481 1503 1522 vacuus

238 1564 270 1624 in
304 1561 417 1626 eadem
450 1563 578 1625 civitate
612 1564 696 1626 inter
728 1564 862 1626 domum
902 1577 1059 1626 muratam
1096 1579 1127 1626 et
1158 1564 1294 1627 fundum
1326 1567 1502 1630 liberorum

237 1670 375 1730 condam
401 1669 530 1731 Thome
556 1669 674 1748 Chuni,
699 1672 739 1732 ab
766 1671 900 1746 oriente,
926 1685 957 1731 et
978 1671 1060 1732 inter
1085 1669 1221 1732 fundum
1246 1685 1277 1732 et
1301 1671 1436 1734 domurn
1460 1676 1502 1736 si·

238 1775 356 1838 militer
379 1791 537 1841 muratam
562 1776 694 1837 domine
712 1775 876 1839 Dorothee
901 1773 965 1837 filie
984 1777 1083 1858 ipsius
1099 1777 1235 1838 condam
1256 1777 1363 1840 Choni
1388 1779 1502 1860 judicis

237 1881 374 1960 habitus,
407 1881 547 1943 mediam
580 1881 728 1942 similiter
760 1882 882 1943 curiam
912 1882 943 1942 in
969 1901 1002 1942 se
1034 1882 1220 1958 continens;
1253 1883 1327 1944 item
1360 1884 1500 1966 quedam

236 2001 318 2049 terra
343 1989 473 2049 arabilis
497 1988 529 2050 in
563 2009 678 2070 campo
710 1989 847 2050 civitatis
878 1989 1021 2070 predicte
1054 1989 1204 2050 videlicet
1238 1990 1268 2050 in
1295 1991 1383 2072 Krog
1420 1991 1501 2052 inter

237 2109 335 2155 terras
358 2093 523 2156 colendin'i
549 2093 817 2156 confraternitatis
840 2107 986 2156 sutorum
1016 2109 1046 2156 et
1071 2095 1204 2176 provide
1229 2095 1373 2158 mulieris
1399 2096 1498 2158 Elene

236 2199 344 2261 relicte
368 2197 505 2288 condam
532 2199 665 2280 Georgii
688 2199 842 2262 Wolkow
867 2220 902 2262 ac
927 2200 1012 2261 viam
1038 2219 1244 2262 communem
1269 2199 1395 2280 habita,
1420 2202 1498 2262 duo-

237 2304 342 2366 decim
366 2306 516 2368 videlicet
540 2306 642 2368 dietas
674 2321 756 2367 terre
789 2305 820 2367 in
846 2325 879 2367 se
912 2306 1098 2382 continens;
1132 2306 1207 2368 item
1233 2306 1333 2368 eciam
1359 2307 1497 2389 quedam

236 2411 297 2472 alia
322 2426 404 2474 terra
429 2413 558 2474 arabilis
583 2413 614 2473 in
639 2431 754 2493 campo
772 2413 916 2494 predicto
942 2413 1022 2472 inter
1038 2427 1136 2472 terras
1160 2412 1336 2474 liberorum
1360 2413 1498 2476 condam

237 2517 391 2580 Johannis
414 2517 530 2598 judicis
554 2519 629 2580 dicti
663 2518 764 2602 Bolye
798 2533 829 2580 et
862 2519 943 2580 inter
968 2517 1110 2580 fanetum
1144 2517 1276 2580 fratrum
1308 2533 1339 2581 et
1370 2519 1497 2581 claustri

236 2624 318 2685 beati
344 2625 503 2686 Francisci
529 2623 739 2700 consessoris;
760 2626 835 2686 item
858 2625 959 2686 eciam
978 2623 1116 2704 quedam
1135 2625 1197 2686 due
1216 2625 1307 2686 vinee
1324 2645 1387 2686 una
1405 2625 1497 2688 Plah·

234 2733 373 2814 tennyak
397 2745 428 2793 et
451 2731 514 2792 alia
540 2730 754 2793 Martinschak
779 2731 951 2812 appellate,
977 2730 1007 2790 in
1026 2731 1187 2792 territorio
1213 2745 1322 2792 nostro
1347 2751 1402 2792 seu
1420 2732 1496 2792 civi·

234 2837 306 2898 tatis
329 2837 469 2920 predicte
506 2837 603 2900 simul
635 2857 708 2899 cum
741 2837 880 2918 quadarn
914 2837 993 2897 silva
1026 2837 1131 2897 eidem
1165 2837 1257 2898 vinee
1282 2837 1337 2898 uni
1364 2838 1495 2899 Martin-

234 2943 328 3005 schak
351 2944 512 3027 appellate
530 2943 709 3005 vicinaliter
732 2943 849 3023 juncta,
868 2944 950 3004 inter
974 2957 1074 3005 metas
1102 2943 1177 3004 ville
1198 2943 1359 3006 Petrowcz
1383 2959 1494 3006 vocate

234 3051 347 3134 partim
372 3067 403 3114 et
428 3052 509 3113 inter
537 3051 664 3113 vineam
684 3051 831 3132 Dyonisii
856 3049 950 3130 jurati
980 3050 1077 3111 nostri
1104 3050 1250 3111 moderni
1276 3070 1293 3110 a
1318 3065 1406 3132 parte
1424 3071 1494 3134 sep·

231 3158 410 3220 temtrionis
433 3158 562 3240 partim,
586 3177 621 3220 ac
647 3158 729 3220 inter
752 3157 848 3218 silvas
877 3157 934 3217 viri
968 3157 1094 3238 providi
1120 3156 1249 3238 Mathye
1275 3156 1350 3218 dicti
1376 3157 1494 3220 Farlras

232 3277 262 3324 et
285 3264 461 3326 liberorum
486 3264 623 3326 condam
649 3263 747 3325 Lucie
773 3263 927 3341 mulieris,
945 3283 961 3323 a
980 3278 1067 3344 parte
1087 3263 1301 3341 meridionali,
1326 3265 1384 3324 sub
1403 3265 1495 3326 metis

232 3385 263 3434 et
275 3371 417 3432 terminis
429 3371 461 3432 iu
476 3371 576 3433 literis
592 3370 846 3453 privilegialibus
864 3369 1036 3450 superinde
1059 3366 1211 3430 confectis
1225 3367 1342 3448 habite,
1356 3369 1493 3451 desuper

231 3499 247 3540 a
272 3479 320 3539 via
346 3477 512 3540 communi
537 3491 567 3538 et
592 3475 672 3538 inira
698 3497 799 3558 usque
824 3475 958 3538 fluvium
979 3475 1195 3558 Kuhynschalr
1213 3489 1373 3554 vocatum,
1396 3476 1493 3538 simul

232 3603 303 3646 cum
328 3583 476 3665 virgultis
500 3599 530 3645 et
554 3597 637 3646 terra
662 3585 773 3645 arabili
808 3603 843 3644 ac
877 3583 1081 3644 falcastrabili
1107 3603 1173 3644 sese
1199 3583 1391 3660 extendens;
1417 3584 1492 3646 item

230 3691 361 3772 quidam
387 3689 522 3770 (hlortus
546 3691 642 3752 simul
667 3709 740 3752 cum
765 3690 892 3750 stabulo
917 3703 947 3750 et
972 3688 1095 3770 (hloreo
1120 3690 1239 3750 ibidem
1265 3689 1381 3750 habitis
1405 3690 1491 3750 etin

229 3795 389 3859 territorio
415 3811 446 3858 et
479 3797 634 3858 suburbio
667 3797 803 3858 civitatis
835 3796 975 3876 predicte
1010 3797 1090 3857 inter
1123 3795 1340 3876 (h)ortos'viri
1366 3795 1491 3876 providi

229 3903 383 3965 Johanois
408 3901 500 3964 aliter
517 3903 671 3964 Jankonis
688 3903 803 3978 vocati,
820 3903 859 3962 ab
877 3901 1011 3980 oriente,
1029 3915 1059 3962 et
1077 3901 1254 3963 Clementis
1278 3900 1372 3982 jurati
1391 3902 1489 3962 nostri

229 4008 374 4070 moderni
410 4007 468 4070 filii
501 4009 666 4072 Michaelis
699 4009 738 4069 ab
771 4008 937 4069 occidente
978 4009 1066 4086 situs,
1099 4008 1244 4084 habitus;
1277 4009 1352 4069 item
1387 4008 1488 4070 eciam

228 4115 366 4197 quedam
392 4116 455 4178 due
479 4117 636 4178 sessiones
668 4115 889 4197 jobagionales
921 4115 1017 4176 simul
1042 4135 1114 4176 curn
1148 4116 1275 4178 duobus
1306 4115 1486 4196 jobagioni·

228 4222 286 4282 bus
299 4222 331 4282 in
345 4221 466 4283 eisdem
482 4222 694 4284 residentibus
712 4223 742 4283 in
757 4223 832 4284 villa
846 4221 995 4283 videlicet
1006 4221 1151 4284 Gradsan
1170 4222 1287 4300 habite,
1304 4222 1399 4282 simul
1415 4241 1487 4282 cum

228 4328 378 4388 omnibus
396 4327 534 4410 ipsarum
553 4329 791 4410 possessionum
810 4343 841 4390 et
858 4330 1046 4410 porcionum
1067 4329 1386 4410 possessionariarum
1403 4327 1486 4389 utili-

226 4433 343 4494 tatibus
367 4447 397 4494 et
421 4433 626 4514 pertinenciis
651 4435 807 4496 universis
845 4437 936 4496 Petro
970 4435 1072 4515 jurato
1098 4434 1165 4496 lilio
1192 4435 1273 4495 Petri
1301 4435 1424 4516 Saphar
1450 4455 1486 4496 ac

227 4559 281 4620 per
306 4559 379 4601 eum
411 4539 477 4601 suis
508 4539 681 4602 heredibus
713 4541 870 4602 divisione
912 4543 992 4602 inter
1026 4542 1130 4622 ipsum
1163 4555 1192 4602 et
1226 4543 1305 4601 inter
1337 4540 1486 4602 Vrsulam

227 4644 349 4726 glorem
373 4667 464 4708 suam
490 4645 617 4726 factam,
643 4649 675 4708 in
700 4649 888 4731 porcionem
922 4647 1065 4710 eiusdem
1100 4649 1183 4708 Petri
1209 4647 1301 4724 jurati
1326 4661 1488 4708 cesserunt

227 4767 379 4833 perpetuo
412 4753 604 4835 possidende
638 4767 668 4815 et
700 4755 1008 4836 quomodocumque
1049 4755 1187 4814 voluerit
1223 4753 1423 4835 disponende
1457 4767 1488 4814 et

227 4858 395 4938 superinde
418 4875 465 4920 est
489 4860 580 4922 litera
605 4861 805 4922 divisionalis
830 4875 859 4920 et
887 4859 1094 4942 privilegialis
1117 4861 1175 4920 sub
1201 4859 1351 4940 pendenti
1379 4859 1486 4939 sigillo

228 4966 462 5026 communitatis
486 4981 644 5028 emanata.

330 5070 405 5132 ltem
439 5071 623 5133 Anthonius
655 5073 759 5134 dictus
784 5073 1064 5154 Chestnyltowych
1091 5071 1176 5133 filius
1210 5071 1396 5194 Clementis*
1413 5091 1485 5132 exe·
