3840 5810
783 560 869 617 Armo
893 574 984 638 1441.
1499 586 1517 644 7

251 771 331 831 inter
353 770 487 831 fluvium
515 771 607 832 llicza
641 783 789 832 vocaturn
815 771 956 832 habitam
981 789 1011 832 et
1036 773 1234 850 existentem,
1269 794 1385 836 novem
1412 776 1513 836 dietas

250 891 329 938 tetre
356 878 387 938 in
413 897 445 938 se
464 878 693 954 continentem,
712 877 847 938 Nicolao
865 877 962 958 judici
981 893 1089 940 nostro
1114 881 1271 941 moderno
1291 880 1321 941 in
1340 897 1512 963 conspectu

251 984 488 1044 communitatis
512 1003 570 1065 pro
594 983 708 1063 viginti
732 983 834 1045 tribus
866 983 934 1047 flor.
968 985 1036 1045 auri
1061 967 1206 1046 vendidit
1231 1001 1386 1068 perpetuo
1412 989 1510 1069 possi-

249 1089 385 1150 dendam
411 1104 441 1151 et
464 1090 637 1172 superinde
662 1089 768 1151 eidem
794 1090 930 1152 Nicolao
955 1090 1053 1172 judici
1084 1106 1130 1153 est
1155 1093 1245 1153 litera
1271 1095 1330 1155 sub
1356 1095 1508 1176 pendenti

248 1197 353 1278 sigillo
378 1197 620 1258 communitatis
644 1209 802 1260 emanata.
991 1277 993 1280 Ι

353 1303 429 1363 ltem
463 1303 570 1364 totalis
602 1303 736 1381 domus,
769 1301 906 1382 fundus,
937 1303 1091 1365 celarium
1125 1319 1155 1364 et
1192 1304 1338 1366 hedificia
1372 1307 1508 1368 condam

249 1409 375 1470 Thome
402 1409 548 1490 Hungati
580 1407 637 1470 filii
671 1409 800 1492 Mathye
834 1410 932 1491 patris
964 1408 1088 1492 Gaspar
1121 1412 1296 1488 monoculi,
1325 1413 1357 1472 in
1382 1413 1508 1476 civitate

249 1515 388 1596 predicta
414 1515 496 1576 inter
520 1515 636 1576 domos
660 1529 690 1576 et
723 1513 840 1576 fundos
865 1517 955 1576 Pauli
989 1517 1122 1599 Kopryn
1155 1530 1186 1578 et
1214 1518 1339 1600 Ztoyko
1363 1519 1506 1602 Ztechyn

248 1621 416 1700 dictorum,
441 1622 623 1682 concivium
649 1635 842 1699 nostrorum,
866 1621 971 1684 habita
994 1636 1025 1684 et
1050 1624 1197 1702 existens,
1222 1625 1360 1686 mediam
1386 1628 1506 1688 curiam

247 1727 285 1788 ad
311 1747 402 1789 usum
428 1728 511 1790 dicte
537 1728 673 1790 civitatis
698 1729 728 1790 in
755 1749 787 1790 se
805 1729 984 1809 continens,
1012 1729 1135 1812 Gaspat
1159 1729 1226 1792 filio
1252 1731 1350 1813 ipsius
1376 1733 1505 1795 Thome

248 1834 391 1915 Hungari
416 1849 462 1896 eat
486 1837 545 1897 sub
570 1835 723 1916 pendenti
757 1835 865 1916 sigillo
890 1837 1131 1898 communitatis
1165 1837 1407 1919 privilegialiter
1431 1861 1505 1902 con·

246 1938 376 2003 firmata.

350 2048 425 2109 ltem
452 2047 563 2110 Petrus
587 2048 730 2110 literatus
755 2047 839 2110 lilius
861 2048 1039 2110 Sebastiani
1066 2048 1228 2130 quandam
1255 2050 1389 2112 domum
1414 2073 1503 2114 suam

246 2153 339 2214 simul
363 2173 435 2217 cum
461 2153 565 2216 tundo
588 2167 618 2216 et
643 2153 800 2216 hedificiis
825 2156 856 2216 in
882 2155 954 2216 vico
972 2155 1071 2236 ipsius
1096 2155 1232 2218 civitatis
1257 2157 1405 2218 exteriori
1424 2159 1506 2220 inter

246 2259 358 2320 domos
382 2259 559 2321 liberorum
583 2260 721 2321 condam
747 2261 837 2321 Pauli
872 2258 928 2322 fitti
956 2260 1042 2321 Luce
1067 2259 1106 2322 de
1132 2262 1290 2340 Baiones,
1315 2283 1351 2323 ac
1376 2264 1504 2325 Andree

246 2364 322 2427 labri
349 2363 406 2426 filii
426 2365 576 2447 Gregorii
593 2365 748 2444 habitam,
765 2387 862 2428 unam
889 2379 1034 2448 quartam
1057 2368 1143 2430 curie
1162 2368 1193 2429 in
1218 2389 1249 2429 se
1275 2371 1505 2450 continentem,

246 2471 403 2554 Gregorio
428 2472 520 2534 fabro
544 2472 611 2535 fitio
638 2473 791 2555 Stephani
817 2473 857 2535 de
875 2473 1023 2556 lloysche
1049 2495 1106 2556 pro
1135 2473 1308 2537 duodecim
1334 2477 1402 2539 llor.
1429 2499 1503 2540 ven·

245 2580 324 2641 didit
347 2594 503 2663 perpetuo
520 2581 747 2664 possidendam
773 2595 804 2642 et
828 2581 1000 2663 superinde
1030 2583 1136 2644 eidem
1155 2582 1314 2666 Gregorio
1340 2583 1430 2648 fabro
1456 2601 1502 2648 est

244 2686 331 2747 litera
356 2688 415 2747 sub
440 2687 592 2768 pendenti
618 2687 725 2767 sigillo
751 2688 992 2749 communitatis
1017 2702 1175 2754 emanata.

348 2792 425 2854 ltem
451 2793 590 2856 Barbara
615 2792 680 2855 filia
705 2793 842 2855 condam
877 2793 1000 2876 Gaspar
1028 2793 1144 2856 literati
1176 2793 1233 2856 filii
1268 2795 1387 2858 Cosme
1419 2797 1503 2860 auri·

245 2897 321 2960 labri
347 2899 479 2960 totalem
508 2900 696 2982 porcionem
713 2919 803 2961 suam
828 2900 988 2962 vinealem
1011 2915 1041 2962 et
1058 2901 1137 2962 silve
1161 2901 1220 2963 sibi
1237 2903 1297 2962 sub
1321 2915 1352 2964 et
1368 2903 1504 2964 circum-

243 3005 427 3086 adjacentis,
452 3007 484 3067 in
504 3007 664 3068 territorio
683 3005 819 3068 civitatis
843 3007 987 3088 predicte
1009 3007 1091 3068 inter
1107 3007 1220 3068 silvam
1240 3007 1367 3090 Mathye
1386 3009 1503 3070 Fatltas

242 3129 271 3173 et
295 3113 377 3175 inter
401 3113 515 3174 silvam
541 3113 717 3174 liberorum
750 3112 894 3175 Franche
921 3113 1098 3194 Krilawyn‚
1123 3133 1158 3175 ac
1190 3113 1328 3196 desuper
1352 3116 1434 3176 inter
1457 3117 1502 3176 vi-

243 3239 333 3280 neam
358 3219 523 3282 Valentini
547 3219 642 3300 jurati
666 3219 724 3281 filii
750 3219 825 3298 irak,
842 3220 900 3280 sub
922 3219 1015 3281 metis
1032 3232 1063 3280 et
1080 3219 1224 3281 terminis
1248 3220 1279 3280 in
1297 3221 1388 3283 litera
1405 3221 1501 3302 privi-

244 3325 349 3407 legiali
375 3325 547 3408 superinde
566 3325 659 3404 lacta,
677 3325 821 3407 Georgio
845 3325 913 3386 filio
932 3325 1029 3387 Blasii
1056 3325 1131 3387 dicti
1149 3327 1238 3404 W1t,
1256 3327 1342 3388 dicto
1366 3328 1380 3388 J
1387 3329 1501 3406 uricza,

244 3433 357 3494 marito
381 3453 440 3494 suo
466 3432 624 3513 legittimo
654 3432 787 3494 donavit
819 3448 975 3514 perpetuo
1007 3432 1235 3514 possidendam
1268 3447 1299 3495 et
1330 3435 1501 3514 superinde

244 3551 289 3600 eat
312 3539 403 3600 litera
428 3541 488 3600 sub
512 3539 665 3621 pendenti
690 3539 798 3620 sigillo
823 3539 1065 3600 communitatis
1089 3553 1245 3602 emanata.

345 3646 422 3706 ltem
448 3645 623 3707 Katherina
649 3645 758 3708 relicta
776 3646 913 3707 condam
940 3645 1107 3708 Michaelis
1130 3645 1185 3707 filii
1204 3646 1335 3728 Georgii
1362 3647 1501 3728 Barbati,

243 3771 325 3812 nunc
349 3771 481 3814 consors
503 3753 660 3834 legittima
686 3752 865 3814 Sebastiani
891 3752 967 3813 dicti
998 3752 1149 3814 Soldinat
1186 3751 1242 3814 lilii
1270 3753 1436 3815 Radltonis
1461 3754 1500 3816 de

242 3858 421 3940 Rowysn0‚
451 3859 583 3921 totalem
617 3879 707 3921 suam
740 3859 928 3942 porcionem
962 3859 994 3920 in
1027 3859 1167 3941 quadam
1201 3859 1311 3939 domo,
1344 3859 1445 3922 fundo
1470 3876 1501 3924 et

242 3963 395 4026 hedificiis
420 3965 450 4026 in
477 3965 560 4027 dicta
586 3966 716 4028 civitate
734 3967 815 4026 inter
840 3965 975 4026 domum
997 3979 1168 4044 muratam,
1193 3965 1329 4028 fundum
1356 3981 1386 4028 et
1410 3967 1499 4030 hedi-

241 4069 305 4131 licia
331 4070 455 4132 domini
481 4072 637 4134 lobannis
661 4071 772 4134 Thoth
797 4084 827 4132 et
852 4071 934 4132 inter
965 4071 1098 4133 domum
1125 4073 1263 4153 ligneam
1292 4073 1421 4156 Mathye
1445 4095 1500 4154 ge·

242 4177 305 4238 neri
331 4178 467 4239 condam
494 4179 582 4240 Pauli
609 4179 762 4240 institoris
785 4177 894 4238 habita
924 4191 955 4239 et
979 4177 1150 4254 existente3
1177 4179 1251 4240 item
1277 4180 1408 4240 totalem
1427 4199 1498 4261 por-

242 4283 364 4345 cionem
389 4285 555 4347 cuiusdam
581 4285 689 4368 (hlorti
708 4285 740 4346 in
765 4285 925 4347 territorio
943 4285 1079 4347 civitatis
1103 4286 1244 4367 predicte
1269 4300 1354 4347 extra
1374 4287 1497 4347 Novam

242 4403 363 4469 portam
389 4391 532 4453 eiusdem
568 4392 704 4454 civitatis
728 4393 809 4452 inter
839 4391 992 4472 (hlortum
1025 4393 1166 4472 magistri
1192 4393 1302 4453 Jacobi
1328 4393 1443 4452 medici
1469 4406 1499 4452 et

243 4493 393 4558 fossatum
417 4512 524 4560 nostre
549 4498 790 4560 communitatis
821 4497 932 4576 habiti,
964 4498 1108 4578 predicto
1135 4499 1323 4560 Sebastiano
1349 4499 1498 4560 Soldinar

243 4601 351 4662 marito
376 4622 435 4663 suo
467 4603 628 4683 legittimo
660 4603 793 4665 donavit
823 4618 979 4685 perpetuo
1011 4604 1238 4685 possidendam
1273 4619 1303 4666 et
1326 4605 1497 4687 superinde

243 4705 339 4768 eidem
355 4708 543 4771 Sebastiano
557 4722 603 4771 est
619 4709 709 4771 litera
723 4711 782 4770 sub
796 4709 949 4790 pendenti
964 4711 1072 4791 sigillo
1087 4711 1326 4772 communitatis
1340 4725 1496 4773 emanata.

760 4963 970 4979 ——ffl—
