<?xml version="1.0" encoding="UTF-8"?>
<!DOCTYPE html PUBLIC "-//W3C//DTD XHTML 1.0 Transitional//EN"
    "http://www.w3.org/TR/xhtml1/DTD/xhtml1-transitional.dtd">
<html xmlns="http://www.w3.org/1999/xhtml" xml:lang="en" lang="en">
 <head>
  <title>
</title>
<meta http-equiv="Content-Type" content="text/html;charset=utf-8" />
  <meta name='ocr-system' content='tesseract 3.04.00' />
  <meta name='ocr-capabilities' content='ocr_page ocr_carea ocr_par ocr_line ocrx_word'/>
</head>
<body>
  <div class='ocr_page' id='page_1' title='image "./monumentahistor21laszgoog_0064.png"; bbox 0 0 3840 5810; ppageno 0'>
   <div class='ocr_carea' id='block_1_1' title="bbox 405 585 1678 5134">
    <p class='ocr_par' dir='ltr' id='par_1_1' title="bbox 411 585 1133 662">
     <span class='ocr_line' id='line_1_1' title="bbox 411 585 1133 662; baseline 0.003 -20"><span class='ocrx_word' id='word_1_1' title='bbox 411 599 453 642; x_wconf 87' lang='lat'>20</span> <span class='ocrx_word' id='word_1_2' title='bbox 931 585 1133 662; x_wconf 75' lang='lat' dir='ltr'>Anno1443.</span> 
     </span>
    </p>

    <p class='ocr_par' dir='ltr' id='par_1_2' title="bbox 410 792 1678 1303">
     <span class='ocr_line' id='line_1_2' title="bbox 411 792 1676 879; baseline 0.004 -26"><span class='ocrx_word' id='word_1_3' title='bbox 411 792 548 854; x_wconf 91' lang='lat' dir='ltr'>condam</span> <span class='ocrx_word' id='word_1_4' title='bbox 574 792 681 856; x_wconf 88' lang='lat' dir='ltr'>Choni</span> <span class='ocrx_word' id='word_1_5' title='bbox 706 793 832 874; x_wconf 88' lang='lat' dir='ltr'>judicis,</span> <span class='ocrx_word' id='word_1_6' title='bbox 856 815 873 856; x_wconf 91' lang='lat' dir='ltr'>a</span> <span class='ocrx_word' id='word_1_7' title='bbox 890 794 1131 878; x_wconf 88' lang='lat' dir='ltr'>septemtrione,</span> <span class='ocrx_word' id='word_1_8' title='bbox 1149 807 1180 856; x_wconf 87' lang='lat' dir='ltr'>et</span> <span class='ocrx_word' id='word_1_9' title='bbox 1195 795 1372 856; x_wconf 90' lang='lat' dir='ltr'>liberorum</span> <span class='ocrx_word' id='word_1_10' title='bbox 1389 795 1528 856; x_wconf 89' lang='lat' dir='ltr'>condam</span> <span class='ocrx_word' id='word_1_11' title='bbox 1545 796 1676 879; x_wconf 87' lang='lat' dir='ltr'>Mathye</span> 
     </span>
     <span class='ocr_line' id='line_1_3' title="bbox 410 900 1678 984; baseline 0.002 -23"><span class='ocrx_word' id='word_1_12' title='bbox 410 901 540 962; x_wconf 91' lang='lat' dir='ltr'>sartoris</span> <span class='ocrx_word' id='word_1_13' title='bbox 564 900 702 975; x_wconf 85' lang='lat' dir='ltr'>habitus,</span> <span class='ocrx_word' id='word_1_14' title='bbox 726 921 783 983; x_wconf 91' lang='lat' dir='ltr'>per</span> <span class='ocrx_word' id='word_1_15' title='bbox 799 901 1000 983; x_wconf 79' lang='lat' dir='ltr'>legacionem</span> <span class='ocrx_word' id='word_1_16' title='bbox 1025 901 1125 984; x_wconf 89' lang='lat' dir='ltr'>ipsius</span> <span class='ocrx_word' id='word_1_17' title='bbox 1148 900 1274 964; x_wconf 91' lang='lat' dir='ltr'>domini</span> <span class='ocrx_word' id='word_1_18' title='bbox 1291 900 1496 964; x_wconf 79' lang='lat' dir='ltr'>Constantini</span> <span class='ocrx_word' id='word_1_19' title='bbox 1513 921 1571 984; x_wconf 92' lang='lat' dir='ltr'>per</span> <span class='ocrx_word' id='word_1_20' title='bbox 1587 921 1678 964; x_wconf 93' lang='lat' dir='ltr'>com·</span> 
     </span>
     <span class='ocr_line' id='line_1_4' title="bbox 411 1005 1675 1089; baseline 0.002 -21"><span class='ocrx_word' id='word_1_21' title='bbox 411 1008 573 1069; x_wconf 89' lang='lat' dir='ltr'>missarios</span> <span class='ocrx_word' id='word_1_22' title='bbox 589 1007 770 1069; x_wconf 79' lang='lat' dir='ltr'>testamenti</span> <span class='ocrx_word' id='word_1_23' title='bbox 795 1007 940 1070; x_wconf 90' lang='lat' dir='ltr'>eiusdem</span> <span class='ocrx_word' id='word_1_24' title='bbox 965 1005 1089 1069; x_wconf 91' lang='lat' dir='ltr'>domini</span> <span class='ocrx_word' id='word_1_25' title='bbox 1108 1006 1314 1070; x_wconf 81' lang='lat' dir='ltr'>Constantini</span> <span class='ocrx_word' id='word_1_26' title='bbox 1331 1007 1467 1070; x_wconf 90' lang='lat' dir='ltr'>Nicolao</span> <span class='ocrx_word' id='word_1_27' title='bbox 1490 1006 1589 1089; x_wconf 88' lang='lat' dir='ltr'>judici</span> <span class='ocrx_word' id='word_1_28' title='bbox 1608 1007 1675 1070; x_wconf 88' lang='lat' dir='ltr'>filio</span> 
     </span>
     <span class='ocr_line' id='line_1_5' title="bbox 412 1113 1673 1198; baseline 0.002 -24"><span class='ocrx_word' id='word_1_29' title='bbox 412 1113 546 1174; x_wconf 85' lang='lat' dir='ltr'>Fabiani</span> <span class='ocrx_word' id='word_1_30' title='bbox 571 1128 617 1175; x_wconf 87' lang='lat' dir='ltr'>est</span> <span class='ocrx_word' id='word_1_31' title='bbox 650 1113 795 1176; x_wconf 88' lang='lat' dir='ltr'>redditus</span> <span class='ocrx_word' id='word_1_32' title='bbox 825 1127 982 1197; x_wconf 90' lang='lat' dir='ltr'>perpetuo</span> <span class='ocrx_word' id='word_1_33' title='bbox 1015 1113 1230 1196; x_wconf 88' lang='lat' dir='ltr'>possidendus</span> <span class='ocrx_word' id='word_1_34' title='bbox 1253 1127 1285 1176; x_wconf 91' lang='lat' dir='ltr'>et</span> <span class='ocrx_word' id='word_1_35' title='bbox 1315 1114 1487 1198; x_wconf 80' lang='lat' dir='ltr'>superinde</span> <span class='ocrx_word' id='word_1_36' title='bbox 1511 1129 1557 1176; x_wconf 91' lang='lat' dir='ltr'>est</span> <span class='ocrx_word' id='word_1_37' title='bbox 1580 1114 1673 1177; x_wconf 91' lang='lat' dir='ltr'>litera</span> 
     </span>
     <span class='ocr_line' id='line_1_6' title="bbox 411 1219 1230 1303; baseline 0.005 -23"><span class='ocrx_word' id='word_1_38' title='bbox 411 1221 470 1281; x_wconf 88' lang='lat' dir='ltr'>sub</span> <span class='ocrx_word' id='word_1_39' title='bbox 494 1219 647 1303; x_wconf 84' lang='lat' dir='ltr'>pendenti</span> <span class='ocrx_word' id='word_1_40' title='bbox 672 1220 781 1302; x_wconf 82' lang='lat' dir='ltr'>sigillo</span> <span class='ocrx_word' id='word_1_41' title='bbox 805 1221 1047 1283; x_wconf 80' lang='lat' dir='ltr'>communitatis</span> <span class='ocrx_word' id='word_1_42' title='bbox 1071 1234 1230 1284; x_wconf 85' lang='lat' dir='ltr'>emanata.</span> 
     </span>
    </p>

    <p class='ocr_par' dir='ltr' id='par_1_3' title="bbox 409 1325 1678 2154">
     <span class='ocr_line' id='line_1_7' title="bbox 516 1325 1678 1412; baseline 0.001 -25"><span class='ocrx_word' id='word_1_43' title='bbox 516 1325 594 1388; x_wconf 86' lang='lat' dir='ltr'>ltem</span> <span class='ocrx_word' id='word_1_44' title='bbox 628 1325 804 1412; x_wconf 87' lang='lat' dir='ltr'>Elyzabeth</span> <span class='ocrx_word' id='word_1_45' title='bbox 838 1326 948 1390; x_wconf 89' lang='lat' dir='ltr'>relicta</span> <span class='ocrx_word' id='word_1_46' title='bbox 981 1341 1012 1388; x_wconf 90' lang='lat' dir='ltr'>et</span> <span class='ocrx_word' id='word_1_47' title='bbox 1043 1327 1191 1410; x_wconf 87' lang='lat' dir='ltr'>Mathyas</span> <span class='ocrx_word' id='word_1_48' title='bbox 1221 1326 1307 1389; x_wconf 87' lang='lat' dir='ltr'>lilius</span> <span class='ocrx_word' id='word_1_49' title='bbox 1339 1326 1477 1390; x_wconf 88' lang='lat' dir='ltr'>condam</span> <span class='ocrx_word' id='word_1_50' title='bbox 1510 1325 1678 1389; x_wconf 75' lang='lat' dir='ltr'>Michaelis</span> 
     </span>
     <span class='ocr_line' id='line_1_8' title="bbox 410 1431 1676 1516; baseline 0 -22"><span class='ocrx_word' id='word_1_51' title='bbox 410 1431 538 1514; x_wconf 88' lang='lat' dir='ltr'>pistoris</span> <span class='ocrx_word' id='word_1_52' title='bbox 561 1451 681 1516; x_wconf 92' lang='lat' dir='ltr'>panum</span> <span class='ocrx_word' id='word_1_53' title='bbox 718 1432 872 1494; x_wconf 84' lang='lat' dir='ltr'>directam</span> <span class='ocrx_word' id='word_1_54' title='bbox 897 1446 929 1495; x_wconf 90' lang='lat' dir='ltr'>et</span> <span class='ocrx_word' id='word_1_55' title='bbox 959 1433 1110 1515; x_wconf 85' lang='lat' dir='ltr'>equalem</span> <span class='ocrx_word' id='word_1_56' title='bbox 1143 1433 1350 1496; x_wconf 87' lang='lat' dir='ltr'>medietatem</span> <span class='ocrx_word' id='word_1_57' title='bbox 1383 1433 1551 1496; x_wconf 87' lang='lat' dir='ltr'>cuiusdam</span> <span class='ocrx_word' id='word_1_58' title='bbox 1583 1433 1676 1496; x_wconf 89' lang='lat' dir='ltr'>vinee</span> 
     </span>
     <span class='ocr_line' id='line_1_9' title="bbox 410 1539 1678 1623; baseline 0.002 -23"><span class='ocrx_word' id='word_1_59' title='bbox 410 1559 523 1601; x_wconf 90' lang='lat' dir='ltr'>eorum</span> <span class='ocrx_word' id='word_1_60' title='bbox 548 1540 580 1600; x_wconf 94' lang='lat' dir='ltr'>in</span> <span class='ocrx_word' id='word_1_61' title='bbox 605 1539 768 1602; x_wconf 90' lang='lat' dir='ltr'>territorio</span> <span class='ocrx_word' id='word_1_62' title='bbox 793 1539 930 1602; x_wconf 91' lang='lat' dir='ltr'>civitatis</span> <span class='ocrx_word' id='word_1_63' title='bbox 962 1541 1105 1622; x_wconf 87' lang='lat' dir='ltr'>predicte</span> <span class='ocrx_word' id='word_1_64' title='bbox 1138 1541 1220 1602; x_wconf 90' lang='lat' dir='ltr'>inter</span> <span class='ocrx_word' id='word_1_65' title='bbox 1243 1541 1371 1603; x_wconf 88' lang='lat' dir='ltr'>vineam</span> <span class='ocrx_word' id='word_1_66' title='bbox 1404 1539 1535 1623; x_wconf 89' lang='lat' dir='ltr'>Mathye</span> <span class='ocrx_word' id='word_1_67' title='bbox 1558 1539 1678 1602; x_wconf 84' lang='lat' dir='ltr'>Farlras</span> 
     </span>
     <span class='ocr_line' id='line_1_10' title="bbox 411 1645 1675 1709; baseline 0 -1"><span class='ocrx_word' id='word_1_68' title='bbox 411 1659 442 1708; x_wconf 91' lang='lat' dir='ltr'>et</span> <span class='ocrx_word' id='word_1_69' title='bbox 466 1645 596 1707; x_wconf 90' lang='lat' dir='ltr'>domine</span> <span class='ocrx_word' id='word_1_70' title='bbox 623 1646 797 1707; x_wconf 86' lang='lat' dir='ltr'>Karberine</span> <span class='ocrx_word' id='word_1_71' title='bbox 826 1647 982 1708; x_wconf 86' lang='lat' dir='ltr'>consortis</span> <span class='ocrx_word' id='word_1_72' title='bbox 1003 1665 1059 1708; x_wconf 87' lang='lat' dir='ltr'>aue</span> <span class='ocrx_word' id='word_1_73' title='bbox 1086 1659 1117 1709; x_wconf 93' lang='lat' dir='ltr'>et</span> <span class='ocrx_word' id='word_1_74' title='bbox 1142 1647 1223 1708; x_wconf 90' lang='lat' dir='ltr'>inter</span> <span class='ocrx_word' id='word_1_75' title='bbox 1239 1647 1336 1709; x_wconf 90' lang='lat' dir='ltr'>aliam</span> <span class='ocrx_word' id='word_1_76' title='bbox 1361 1645 1568 1709; x_wconf 90' lang='lat' dir='ltr'>medietatem</span> <span class='ocrx_word' id='word_1_77' title='bbox 1592 1647 1675 1708; x_wconf 89' lang='lat' dir='ltr'>eius-</span> 
     </span>
     <span class='ocr_line' id='line_1_11' title="bbox 410 1751 1672 1836; baseline 0.002 -24"><span class='ocrx_word' id='word_1_78' title='bbox 410 1751 483 1812; x_wconf 90' lang='lat' dir='ltr'>dem</span> <span class='ocrx_word' id='word_1_79' title='bbox 508 1753 612 1832; x_wconf 91' lang='lat' dir='ltr'>vinee,</span> <span class='ocrx_word' id='word_1_80' title='bbox 636 1772 732 1834; x_wconf 92' lang='lat' dir='ltr'>quam</span> <span class='ocrx_word' id='word_1_81' title='bbox 751 1752 864 1814; x_wconf 90' lang='lat' dir='ltr'>eadem</span> <span class='ocrx_word' id='word_1_82' title='bbox 890 1752 1067 1835; x_wconf 87' lang='lat' dir='ltr'>Elyzabeth</span> <span class='ocrx_word' id='word_1_83' title='bbox 1101 1753 1217 1815; x_wconf 90' lang='lat' dir='ltr'>mulier</span> <span class='ocrx_word' id='word_1_84' title='bbox 1248 1773 1321 1816; x_wconf 90' lang='lat' dir='ltr'>cum</span> <span class='ocrx_word' id='word_1_85' title='bbox 1347 1754 1417 1836; x_wconf 92' lang='lat' dir='ltr'>ipso</span> <span class='ocrx_word' id='word_1_86' title='bbox 1450 1751 1580 1836; x_wconf 89' lang='lat' dir='ltr'>Mathya</span> <span class='ocrx_word' id='word_1_87' title='bbox 1605 1751 1672 1814; x_wconf 89' lang='lat' dir='ltr'>lilio</span> 
     </span>
     <span class='ocr_line' id='line_1_12' title="bbox 409 1858 1671 1943; baseline 0.001 -24"><span class='ocrx_word' id='word_1_88' title='bbox 409 1879 468 1920; x_wconf 89' lang='lat' dir='ltr'>suo</span> <span class='ocrx_word' id='word_1_89' title='bbox 484 1878 542 1941; x_wconf 93' lang='lat' dir='ltr'>pro</span> <span class='ocrx_word' id='word_1_90' title='bbox 558 1879 591 1920; x_wconf 92' lang='lat' dir='ltr'>se</span> <span class='ocrx_word' id='word_1_91' title='bbox 608 1859 713 1920; x_wconf 85' lang='lat' dir='ltr'>adhuc</span> <span class='ocrx_word' id='word_1_92' title='bbox 730 1859 902 1921; x_wconf 88' lang='lat' dir='ltr'>literatorie</span> <span class='ocrx_word' id='word_1_93' title='bbox 928 1874 1117 1922; x_wconf 84' lang='lat' dir='ltr'>reservasset</span> <span class='ocrx_word' id='word_1_94' title='bbox 1135 1859 1375 1943; x_wconf 86' lang='lat' dir='ltr'>possidendam,</span> <span class='ocrx_word' id='word_1_95' title='bbox 1399 1858 1523 1942; x_wconf 91' lang='lat' dir='ltr'>prelato</span> <span class='ocrx_word' id='word_1_96' title='bbox 1541 1859 1671 1941; x_wconf 87' lang='lat' dir='ltr'>Mathye</span> 
     </span>
     <span class='ocr_line' id='line_1_13' title="bbox 409 1962 1675 2048; baseline 0.001 -24"><span class='ocrx_word' id='word_1_97' title='bbox 409 1962 525 2027; x_wconf 82' lang='lat' dir='ltr'>Farlras</span> <span class='ocrx_word' id='word_1_98' title='bbox 550 1979 580 2027; x_wconf 95' lang='lat' dir='ltr'>et</span> <span class='ocrx_word' id='word_1_99' title='bbox 603 1985 658 2026; x_wconf 88' lang='lat' dir='ltr'>sue</span> <span class='ocrx_word' id='word_1_100' title='bbox 690 1966 830 2028; x_wconf 89' lang='lat' dir='ltr'>consorti</span> <span class='ocrx_word' id='word_1_101' title='bbox 854 1965 1000 2027; x_wconf 93' lang='lat' dir='ltr'>vendidit</span> <span class='ocrx_word' id='word_1_102' title='bbox 1024 1981 1181 2048; x_wconf 89' lang='lat' dir='ltr'>perpetuo</span> <span class='ocrx_word' id='word_1_103' title='bbox 1206 1965 1433 2048; x_wconf 90' lang='lat' dir='ltr'>possidendam</span> <span class='ocrx_word' id='word_1_104' title='bbox 1451 1979 1482 2028; x_wconf 89' lang='lat' dir='ltr'>et</span> <span class='ocrx_word' id='word_1_105' title='bbox 1500 1965 1675 2048; x_wconf 88' lang='lat' dir='ltr'>superinde</span> 
     </span>
     <span class='ocr_line' id='line_1_14' title="bbox 409 2072 1416 2154; baseline 0.002 -22"><span class='ocrx_word' id='word_1_106' title='bbox 409 2085 455 2133; x_wconf 89' lang='lat' dir='ltr'>est</span> <span class='ocrx_word' id='word_1_107' title='bbox 477 2072 566 2133; x_wconf 89' lang='lat' dir='ltr'>litera</span> <span class='ocrx_word' id='word_1_108' title='bbox 591 2073 651 2133; x_wconf 90' lang='lat' dir='ltr'>sub</span> <span class='ocrx_word' id='word_1_109' title='bbox 676 2072 828 2154; x_wconf 90' lang='lat' dir='ltr'>pendenti</span> <span class='ocrx_word' id='word_1_110' title='bbox 860 2073 969 2152; x_wconf 83' lang='lat' dir='ltr'>sigillo</span> <span class='ocrx_word' id='word_1_111' title='bbox 993 2073 1234 2134; x_wconf 89' lang='lat' dir='ltr'>communitatis</span> <span class='ocrx_word' id='word_1_112' title='bbox 1258 2086 1416 2136; x_wconf 89' lang='lat' dir='ltr'>emanata.</span> 
     </span>
    </p>

    <p class='ocr_par' dir='ltr' id='par_1_4' title="bbox 407 2176 1675 3413">
     <span class='ocr_line' id='line_1_15' title="bbox 514 2176 1672 2259; baseline 0 -20"><span class='ocrx_word' id='word_1_113' title='bbox 514 2178 591 2240; x_wconf 89' lang='lat' dir='ltr'>ltem</span> <span class='ocrx_word' id='word_1_114' title='bbox 618 2179 743 2239; x_wconf 88' lang='lat' dir='ltr'>Marcus</span> <span class='ocrx_word' id='word_1_115' title='bbox 767 2176 853 2240; x_wconf 85' lang='lat' dir='ltr'>filius</span> <span class='ocrx_word' id='word_1_116' title='bbox 877 2177 984 2259; x_wconf 82' lang='lat' dir='ltr'>Egidii</span> <span class='ocrx_word' id='word_1_117' title='bbox 1009 2179 1048 2240; x_wconf 91' lang='lat' dir='ltr'>de</span> <span class='ocrx_word' id='word_1_118' title='bbox 1074 2179 1240 2240; x_wconf 86' lang='lat' dir='ltr'>Kralewcz</span> <span class='ocrx_word' id='word_1_119' title='bbox 1273 2180 1360 2258; x_wconf 56' lang='lat' dir='ltr'>alias,</span> <span class='ocrx_word' id='word_1_120' title='bbox 1386 2198 1472 2240; x_wconf 90' lang='lat' dir='ltr'>nunc</span> <span class='ocrx_word' id='word_1_121' title='bbox 1496 2192 1603 2240; x_wconf 90' lang='lat' dir='ltr'>autem</span> <span class='ocrx_word' id='word_1_122' title='bbox 1632 2177 1672 2239; x_wconf 93' lang='lat' dir='ltr'>de</span> 
     </span>
     <span class='ocr_line' id='line_1_16' title="bbox 411 2285 1675 2368; baseline -0.002 -21"><span class='ocrx_word' id='word_1_123' title='bbox 411 2285 656 2368; x_wconf 87' lang='lat' dir='ltr'>Stephanowcz,</span> <span class='ocrx_word' id='word_1_124' title='bbox 681 2285 837 2368; x_wconf 89' lang='lat' dir='ltr'>quasdam</span> <span class='ocrx_word' id='word_1_125' title='bbox 862 2299 1001 2368; x_wconf 90' lang='lat' dir='ltr'>quatuor</span> <span class='ocrx_word' id='word_1_126' title='bbox 1024 2286 1135 2347; x_wconf 88' lang='lat' dir='ltr'>vineas</span> <span class='ocrx_word' id='word_1_127' title='bbox 1168 2307 1251 2364; x_wconf 88' lang='lat' dir='ltr'>suas,</span> <span class='ocrx_word' id='word_1_128' title='bbox 1276 2305 1374 2348; x_wconf 91' lang='lat' dir='ltr'>unam</span> <span class='ocrx_word' id='word_1_129' title='bbox 1399 2285 1517 2348; x_wconf 89' lang='lat' dir='ltr'>cultam</span> <span class='ocrx_word' id='word_1_130' title='bbox 1542 2299 1573 2346; x_wconf 92' lang='lat' dir='ltr'>et</span> <span class='ocrx_word' id='word_1_131' title='bbox 1596 2285 1675 2346; x_wconf 88' lang='lat' dir='ltr'>alias</span> 
     </span>
     <span class='ocr_line' id='line_1_17' title="bbox 409 2393 1671 2474; baseline -0.001 -20"><span class='ocrx_word' id='word_1_132' title='bbox 409 2408 472 2454; x_wconf 89' lang='lat' dir='ltr'>tres</span> <span class='ocrx_word' id='word_1_133' title='bbox 496 2393 646 2471; x_wconf 83' lang='lat' dir='ltr'>desertas,</span> <span class='ocrx_word' id='word_1_134' title='bbox 672 2393 754 2454; x_wconf 92' lang='lat' dir='ltr'>inter</span> <span class='ocrx_word' id='word_1_135' title='bbox 777 2393 904 2454; x_wconf 87' lang='lat' dir='ltr'>vineam</span> <span class='ocrx_word' id='word_1_136' title='bbox 924 2393 1089 2454; x_wconf 90' lang='lat' dir='ltr'>Benedicti</span> <span class='ocrx_word' id='word_1_137' title='bbox 1115 2395 1235 2455; x_wconf 85' lang='lat' dir='ltr'>Barber</span> <span class='ocrx_word' id='word_1_138' title='bbox 1251 2393 1484 2474; x_wconf 81' lang='lat' dir='ltr'>cognominati,</span> <span class='ocrx_word' id='word_1_139' title='bbox 1508 2393 1623 2472; x_wconf 89' lang='lat' dir='ltr'>judicis</span> <span class='ocrx_word' id='word_1_140' title='bbox 1640 2393 1671 2453; x_wconf 93' lang='lat' dir='ltr'>in</span> 
     </span>
     <span class='ocr_line' id='line_1_18' title="bbox 410 2499 1672 2582; baseline -0.001 -22"><span class='ocrx_word' id='word_1_141' title='bbox 410 2500 551 2581; x_wconf 88' lang='lat' dir='ltr'>predicta</span> <span class='ocrx_word' id='word_1_142' title='bbox 578 2499 755 2578; x_wconf 89' lang='lat' dir='ltr'>Kralewcz,</span> <span class='ocrx_word' id='word_1_143' title='bbox 779 2519 815 2561; x_wconf 86' lang='lat' dir='ltr'>ac</span> <span class='ocrx_word' id='word_1_144' title='bbox 847 2501 929 2560; x_wconf 88' lang='lat' dir='ltr'>inter</span> <span class='ocrx_word' id='word_1_145' title='bbox 960 2499 1135 2582; x_wconf 89' lang='lat' dir='ltr'>pluvialem</span> <span class='ocrx_word' id='word_1_146' title='bbox 1169 2499 1339 2562; x_wconf 90' lang='lat' dir='ltr'>decursum</span> <span class='ocrx_word' id='word_1_147' title='bbox 1371 2519 1454 2580; x_wconf 91' lang='lat' dir='ltr'>aque</span> <span class='ocrx_word' id='word_1_148' title='bbox 1478 2499 1510 2560; x_wconf 93' lang='lat' dir='ltr'>in</span> <span class='ocrx_word' id='word_1_149' title='bbox 1536 2499 1672 2579; x_wconf 89' lang='lat' dir='ltr'>Thopli·</span> 
     </span>
     <span class='ocr_line' id='line_1_19' title="bbox 408 2605 1672 2684; baseline -0.001 -18"><span class='ocrx_word' id='word_1_150' title='bbox 408 2605 529 2684; x_wconf 88' lang='lat' dir='ltr'>chicha,</span> <span class='ocrx_word' id='word_1_151' title='bbox 555 2625 703 2668; x_wconf 91' lang='lat' dir='ltr'>necnon</span> <span class='ocrx_word' id='word_1_152' title='bbox 728 2607 810 2668; x_wconf 92' lang='lat' dir='ltr'>inter</span> <span class='ocrx_word' id='word_1_153' title='bbox 834 2606 961 2666; x_wconf 90' lang='lat' dir='ltr'>vineam</span> <span class='ocrx_word' id='word_1_154' title='bbox 987 2605 1113 2667; x_wconf 90' lang='lat' dir='ltr'>Nicolai</span> <span class='ocrx_word' id='word_1_155' title='bbox 1139 2605 1195 2668; x_wconf 89' lang='lat' dir='ltr'>filii</span> <span class='ocrx_word' id='word_1_156' title='bbox 1222 2606 1362 2684; x_wconf 91' lang='lat' dir='ltr'>Martini,</span> <span class='ocrx_word' id='word_1_157' title='bbox 1388 2607 1428 2667; x_wconf 89' lang='lat' dir='ltr'>ab</span> <span class='ocrx_word' id='word_1_158' title='bbox 1453 2605 1589 2684; x_wconf 89' lang='lat' dir='ltr'>oriente,</span> <span class='ocrx_word' id='word_1_159' title='bbox 1614 2624 1672 2666; x_wconf 93' lang='lat' dir='ltr'>nec</span> 
     </span>
     <span class='ocr_line' id='line_1_20' title="bbox 408 2711 1672 2795; baseline 0 -23"><span class='ocrx_word' id='word_1_160' title='bbox 408 2731 472 2774; x_wconf 93' lang='lat' dir='ltr'>non</span> <span class='ocrx_word' id='word_1_161' title='bbox 498 2713 579 2776; x_wconf 90' lang='lat' dir='ltr'>inter</span> <span class='ocrx_word' id='word_1_162' title='bbox 602 2713 698 2774; x_wconf 91' lang='lat' dir='ltr'>silvas</span> <span class='ocrx_word' id='word_1_163' title='bbox 723 2727 754 2774; x_wconf 91' lang='lat' dir='ltr'>et</span> <span class='ocrx_word' id='word_1_164' title='bbox 777 2713 887 2774; x_wconf 90' lang='lat' dir='ltr'>vineas</span> <span class='ocrx_word' id='word_1_165' title='bbox 906 2711 1045 2774; x_wconf 90' lang='lat' dir='ltr'>Emerici</span> <span class='ocrx_word' id='word_1_166' title='bbox 1067 2711 1142 2774; x_wconf 89' lang='lat' dir='ltr'>dicti</span> <span class='ocrx_word' id='word_1_167' title='bbox 1163 2712 1310 2795; x_wconf 85' lang='lat' dir='ltr'>Drusyna</span> <span class='ocrx_word' id='word_1_168' title='bbox 1335 2726 1366 2773; x_wconf 94' lang='lat' dir='ltr'>et</span> <span class='ocrx_word' id='word_1_169' title='bbox 1389 2711 1570 2773; x_wconf 89' lang='lat' dir='ltr'>liborurum</span> <span class='ocrx_word' id='word_1_170' title='bbox 1596 2730 1672 2772; x_wconf 91' lang='lat' dir='ltr'>con·</span> 
     </span>
     <span class='ocr_line' id='line_1_21' title="bbox 408 2816 1672 2902; baseline -0.002 -22"><span class='ocrx_word' id='word_1_171' title='bbox 408 2819 481 2880; x_wconf 91' lang='lat' dir='ltr'>dam</span> <span class='ocrx_word' id='word_1_172' title='bbox 507 2819 591 2881; x_wconf 89' lang='lat' dir='ltr'>Petri</span> <span class='ocrx_word' id='word_1_173' title='bbox 616 2819 691 2880; x_wconf 90' lang='lat' dir='ltr'>dicti</span> <span class='ocrx_word' id='word_1_174' title='bbox 710 2819 856 2902; x_wconf 90' lang='lat' dir='ltr'>Bunych,</span> <span class='ocrx_word' id='word_1_175' title='bbox 873 2839 890 2880; x_wconf 92' lang='lat' dir='ltr'>a</span> <span class='ocrx_word' id='word_1_176' title='bbox 907 2819 1149 2900; x_wconf 88' lang='lat' dir='ltr'>septemtrione,</span> <span class='ocrx_word' id='word_1_177' title='bbox 1165 2838 1202 2880; x_wconf 87' lang='lat' dir='ltr'>ac</span> <span class='ocrx_word' id='word_1_178' title='bbox 1219 2817 1301 2880; x_wconf 90' lang='lat' dir='ltr'>inter</span> <span class='ocrx_word' id='word_1_179' title='bbox 1318 2831 1450 2900; x_wconf 89' lang='lat' dir='ltr'>puteum</span> <span class='ocrx_word' id='word_1_180' title='bbox 1475 2837 1531 2880; x_wconf 89' lang='lat' dir='ltr'>seu</span> <span class='ocrx_word' id='word_1_181' title='bbox 1550 2816 1672 2879; x_wconf 85' lang='lat' dir='ltr'>fontem</span> 
     </span>
     <span class='ocr_line' id='line_1_22' title="bbox 410 2923 1672 3004; baseline -0.004 -16"><span class='ocrx_word' id='word_1_182' title='bbox 410 2925 594 2988; x_wconf 87' lang='lat' dir='ltr'>Suslewecz</span> <span class='ocrx_word' id='word_1_183' title='bbox 618 2925 751 3004; x_wconf 86' lang='lat' dir='ltr'>dictum,</span> <span class='ocrx_word' id='word_1_184' title='bbox 776 2946 834 2987; x_wconf 92' lang='lat' dir='ltr'>nec</span> <span class='ocrx_word' id='word_1_185' title='bbox 859 2945 924 2986; x_wconf 93' lang='lat' dir='ltr'>non</span> <span class='ocrx_word' id='word_1_186' title='bbox 948 2925 1031 2986; x_wconf 88' lang='lat' dir='ltr'>inter</span> <span class='ocrx_word' id='word_1_187' title='bbox 1054 2923 1152 2986; x_wconf 88' lang='lat' dir='ltr'>lenile</span> <span class='ocrx_word' id='word_1_188' title='bbox 1184 2937 1216 2986; x_wconf 89' lang='lat' dir='ltr'>et</span> <span class='ocrx_word' id='word_1_189' title='bbox 1239 2925 1367 2986; x_wconf 90' lang='lat' dir='ltr'>vineam</span> <span class='ocrx_word' id='word_1_190' title='bbox 1393 2923 1572 2986; x_wconf 90' lang='lat' dir='ltr'>Clementis</span> <span class='ocrx_word' id='word_1_191' title='bbox 1596 2923 1672 2984; x_wconf 89' lang='lat' dir='ltr'>dicti</span> 
     </span>
     <span class='ocr_line' id='line_1_23' title="bbox 408 3029 1672 3108; baseline -0.002 -16"><span class='ocrx_word' id='word_1_192' title='bbox 408 3029 511 3094; x_wconf 80' lang='lat' dir='ltr'>Kellro</span> <span class='ocrx_word' id='word_1_193' title='bbox 536 3046 567 3093; x_wconf 92' lang='lat' dir='ltr'>et</span> <span class='ocrx_word' id='word_1_194' title='bbox 591 3031 719 3093; x_wconf 90' lang='lat' dir='ltr'>Thome</span> <span class='ocrx_word' id='word_1_195' title='bbox 742 3031 883 3094; x_wconf 90' lang='lat' dir='ltr'>filiorum</span> <span class='ocrx_word' id='word_1_196' title='bbox 901 3031 992 3093; x_wconf 93' lang='lat' dir='ltr'>Pauli</span> <span class='ocrx_word' id='word_1_197' title='bbox 1022 3031 1098 3093; x_wconf 92' lang='lat' dir='ltr'>dicti</span> <span class='ocrx_word' id='word_1_198' title='bbox 1115 3029 1321 3093; x_wconf 89' lang='lat' dir='ltr'>Chernchich</span> <span class='ocrx_word' id='word_1_199' title='bbox 1341 3031 1381 3092; x_wconf 89' lang='lat' dir='ltr'>ab</span> <span class='ocrx_word' id='word_1_200' title='bbox 1403 3029 1570 3092; x_wconf 92' lang='lat' dir='ltr'>occidente</span> <span class='ocrx_word' id='word_1_201' title='bbox 1586 3030 1672 3108; x_wconf 89' lang='lat' dir='ltr'>sitas,</span> 
     </span>
     <span class='ocr_line' id='line_1_24' title="bbox 408 3135 1672 3220; baseline 0 -22"><span class='ocrx_word' id='word_1_202' title='bbox 408 3135 530 3219; x_wconf 86' lang='lat' dir='ltr'>prelato</span> <span class='ocrx_word' id='word_1_203' title='bbox 555 3137 731 3200; x_wconf 89' lang='lat' dir='ltr'>Benedicto</span> <span class='ocrx_word' id='word_1_204' title='bbox 756 3138 876 3200; x_wconf 89' lang='lat' dir='ltr'>Barber</span> <span class='ocrx_word' id='word_1_205' title='bbox 906 3137 1053 3199; x_wconf 91' lang='lat' dir='ltr'>vendidit</span> <span class='ocrx_word' id='word_1_206' title='bbox 1080 3151 1238 3220; x_wconf 91' lang='lat' dir='ltr'>perpetuo</span> <span class='ocrx_word' id='word_1_207' title='bbox 1271 3137 1482 3220; x_wconf 88' lang='lat' dir='ltr'>possidendas</span> <span class='ocrx_word' id='word_1_208' title='bbox 1507 3150 1538 3199; x_wconf 93' lang='lat' dir='ltr'>et</span> <span class='ocrx_word' id='word_1_209' title='bbox 1561 3156 1672 3218; x_wconf 91' lang='lat' dir='ltr'>super·</span> 
     </span>
     <span class='ocr_line' id='line_1_25' title="bbox 407 3243 1671 3326; baseline 0 -22"><span class='ocrx_word' id='word_1_210' title='bbox 407 3243 482 3304; x_wconf 91' lang='lat' dir='ltr'>inde</span> <span class='ocrx_word' id='word_1_211' title='bbox 506 3258 553 3305; x_wconf 91' lang='lat' dir='ltr'>est</span> <span class='ocrx_word' id='word_1_212' title='bbox 577 3244 668 3306; x_wconf 90' lang='lat' dir='ltr'>litera</span> <span class='ocrx_word' id='word_1_213' title='bbox 692 3245 751 3305; x_wconf 91' lang='lat' dir='ltr'>sub</span> <span class='ocrx_word' id='word_1_214' title='bbox 775 3244 929 3326; x_wconf 91' lang='lat' dir='ltr'>pendenti</span> <span class='ocrx_word' id='word_1_215' title='bbox 954 3244 1062 3325; x_wconf 85' lang='lat' dir='ltr'>sigillo</span> <span class='ocrx_word' id='word_1_216' title='bbox 1094 3244 1337 3306; x_wconf 89' lang='lat' dir='ltr'>communitatis</span> <span class='ocrx_word' id='word_1_217' title='bbox 1361 3243 1468 3306; x_wconf 89' lang='lat' dir='ltr'>eidem</span> <span class='ocrx_word' id='word_1_218' title='bbox 1494 3243 1671 3305; x_wconf 88' lang='lat' dir='ltr'>Benedicto</span> 
     </span>
     <span class='ocr_line' id='line_1_26' title="bbox 407 3363 566 3413; baseline 0.006 -2"><span class='ocrx_word' id='word_1_219' title='bbox 407 3363 566 3413; x_wconf 89' lang='lat' dir='ltr'>emanata.</span> 
     </span>
    </p>

    <p class='ocr_par' dir='ltr' id='par_1_5' title="bbox 407 3455 1671 4174">
     <span class='ocr_line' id='line_1_27' title="bbox 513 3455 1671 3540; baseline 0 -22"><span class='ocrx_word' id='word_1_220' title='bbox 513 3457 590 3520; x_wconf 91' lang='lat' dir='ltr'>ltem</span> <span class='ocrx_word' id='word_1_221' title='bbox 615 3457 747 3540; x_wconf 92' lang='lat' dir='ltr'>quidam</span> <span class='ocrx_word' id='word_1_222' title='bbox 776 3455 896 3518; x_wconf 88' lang='lat' dir='ltr'>fundus</span> <span class='ocrx_word' id='word_1_223' title='bbox 920 3476 1039 3518; x_wconf 88' lang='lat' dir='ltr'>vacuus</span> <span class='ocrx_word' id='word_1_224' title='bbox 1063 3457 1203 3518; x_wconf 93' lang='lat' dir='ltr'>mediam</span> <span class='ocrx_word' id='word_1_225' title='bbox 1229 3457 1350 3520; x_wconf 90' lang='lat' dir='ltr'>curiam</span> <span class='ocrx_word' id='word_1_226' title='bbox 1376 3457 1407 3518; x_wconf 94' lang='lat' dir='ltr'>in</span> <span class='ocrx_word' id='word_1_227' title='bbox 1433 3477 1466 3519; x_wconf 91' lang='lat' dir='ltr'>se</span> <span class='ocrx_word' id='word_1_228' title='bbox 1491 3457 1671 3536; x_wconf 91' lang='lat' dir='ltr'>continens,</span> 
     </span>
     <span class='ocr_line' id='line_1_28' title="bbox 407 3562 1670 3646; baseline 0 -22"><span class='ocrx_word' id='word_1_229' title='bbox 407 3577 493 3625; x_wconf 84' lang='lat' dir='ltr'>extra</span> <span class='ocrx_word' id='word_1_230' title='bbox 518 3583 628 3625; x_wconf 87' lang='lat' dir='ltr'>muros</span> <span class='ocrx_word' id='word_1_231' title='bbox 652 3577 683 3624; x_wconf 94' lang='lat' dir='ltr'>et</span> <span class='ocrx_word' id='word_1_232' title='bbox 705 3564 736 3624; x_wconf 96' lang='lat' dir='ltr'>in</span> <span class='ocrx_word' id='word_1_233' title='bbox 761 3562 917 3624; x_wconf 89' lang='lat' dir='ltr'>suburbio</span> <span class='ocrx_word' id='word_1_234' title='bbox 934 3563 1070 3624; x_wconf 86' lang='lat' dir='ltr'>civitatis</span> <span class='ocrx_word' id='word_1_235' title='bbox 1088 3563 1229 3646; x_wconf 90' lang='lat' dir='ltr'>predicte</span> <span class='ocrx_word' id='word_1_236' title='bbox 1248 3565 1330 3626; x_wconf 94' lang='lat' dir='ltr'>inter</span> <span class='ocrx_word' id='word_1_237' title='bbox 1354 3562 1471 3626; x_wconf 87' lang='lat' dir='ltr'>fundos</span> <span class='ocrx_word' id='word_1_238' title='bbox 1494 3564 1670 3625; x_wconf 87' lang='lat' dir='ltr'>liberorum</span> 
     </span>
     <span class='ocr_line' id='line_1_29' title="bbox 408 3669 1669 3754; baseline -0.002 -22"><span class='ocrx_word' id='word_1_239' title='bbox 408 3670 544 3734; x_wconf 89' lang='lat' dir='ltr'>condam</span> <span class='ocrx_word' id='word_1_240' title='bbox 572 3671 680 3732; x_wconf 88' lang='lat' dir='ltr'>relicte</span> <span class='ocrx_word' id='word_1_241' title='bbox 718 3669 888 3753; x_wconf 86' lang='lat' dir='ltr'>Goychecz</span> <span class='ocrx_word' id='word_1_242' title='bbox 922 3669 1050 3731; x_wconf 87' lang='lat' dir='ltr'>Martini</span> <span class='ocrx_word' id='word_1_243' title='bbox 1083 3683 1114 3730; x_wconf 89' lang='lat' dir='ltr'>et</span> <span class='ocrx_word' id='word_1_244' title='bbox 1145 3670 1322 3733; x_wconf 88' lang='lat' dir='ltr'>liberorum</span> <span class='ocrx_word' id='word_1_245' title='bbox 1352 3669 1490 3732; x_wconf 91' lang='lat' dir='ltr'>condam</span> <span class='ocrx_word' id='word_1_246' title='bbox 1524 3669 1669 3754; x_wconf 88' lang='lat' dir='ltr'>Dyonisii</span> 
     </span>
     <span class='ocr_line' id='line_1_30' title="bbox 408 3774 1670 3858; baseline 0 -22"><span class='ocrx_word' id='word_1_247' title='bbox 408 3774 575 3858; x_wconf 88' lang='lat' dir='ltr'>lreniparis</span> <span class='ocrx_word' id='word_1_248' title='bbox 600 3777 738 3856; x_wconf 88' lang='lat' dir='ltr'>habitus,</span> <span class='ocrx_word' id='word_1_249' title='bbox 755 3796 810 3858; x_wconf 88' lang='lat' dir='ltr'>per</span> <span class='ocrx_word' id='word_1_250' title='bbox 828 3776 1028 3856; x_wconf 83' lang='lat' dir='ltr'>legacionem</span> <span class='ocrx_word' id='word_1_251' title='bbox 1048 3776 1186 3838; x_wconf 90' lang='lat' dir='ltr'>Emerici</span> <span class='ocrx_word' id='word_1_252' title='bbox 1204 3776 1322 3855; x_wconf 90' lang='lat' dir='ltr'>claudi,</span> <span class='ocrx_word' id='word_1_253' title='bbox 1339 3777 1430 3837; x_wconf 89' lang='lat' dir='ltr'>cuius</span> <span class='ocrx_word' id='word_1_254' title='bbox 1447 3776 1532 3837; x_wconf 89' lang='lat' dir='ltr'>idern</span> <span class='ocrx_word' id='word_1_255' title='bbox 1550 3774 1670 3837; x_wconf 80' lang='lat' dir='ltr'>fundus</span> 
     </span>
     <span class='ocr_line' id='line_1_31' title="bbox 408 3881 1671 3966; baseline 0.001 -24"><span class='ocrx_word' id='word_1_256' title='bbox 408 3881 577 3963; x_wconf 82' lang='lat' dir='ltr'>prefuerat,</span> <span class='ocrx_word' id='word_1_257' title='bbox 603 3883 734 3966; x_wconf 86' lang='lat' dir='ltr'>Mathye</span> <span class='ocrx_word' id='word_1_258' title='bbox 759 3883 959 3964; x_wconf 87' lang='lat' dir='ltr'>carpentario</span> <span class='ocrx_word' id='word_1_259' title='bbox 986 3881 1054 3944; x_wconf 90' lang='lat' dir='ltr'>lilio</span> <span class='ocrx_word' id='word_1_260' title='bbox 1078 3883 1199 3944; x_wconf 86' lang='lat' dir='ltr'>Vrbani</span> <span class='ocrx_word' id='word_1_261' title='bbox 1229 3903 1315 3945; x_wconf 89' lang='lat' dir='ltr'>novo</span> <span class='ocrx_word' id='word_1_262' title='bbox 1340 3883 1464 3945; x_wconf 88' lang='lat' dir='ltr'>concivi</span> <span class='ocrx_word' id='word_1_263' title='bbox 1489 3896 1600 3945; x_wconf 85' lang='lat' dir='ltr'>nostro</span> <span class='ocrx_word' id='word_1_264' title='bbox 1624 3894 1671 3944; x_wconf 90' lang='lat' dir='ltr'>est</span> 
     </span>
     <span class='ocr_line' id='line_1_32' title="bbox 407 3989 1670 4073; baseline 0.002 -26"><span class='ocrx_word' id='word_1_265' title='bbox 407 3989 465 4048; x_wconf 92' lang='lat' dir='ltr'>sub</span> <span class='ocrx_word' id='word_1_266' title='bbox 490 3989 643 4070; x_wconf 89' lang='lat' dir='ltr'>pendenti</span> <span class='ocrx_word' id='word_1_267' title='bbox 668 3989 776 4070; x_wconf 84' lang='lat' dir='ltr'>sigillo</span> <span class='ocrx_word' id='word_1_268' title='bbox 809 3989 1049 4050; x_wconf 86' lang='lat' dir='ltr'>communitatis</span> <span class='ocrx_word' id='word_1_269' title='bbox 1080 3990 1324 4072; x_wconf 81' lang='lat' dir='ltr'>privilegialiter</span> <span class='ocrx_word' id='word_1_270' title='bbox 1354 4002 1489 4052; x_wconf 91' lang='lat' dir='ltr'>statutus</span> <span class='ocrx_word' id='word_1_271' title='bbox 1513 4003 1670 4073; x_wconf 90' lang='lat' dir='ltr'>perpetuo</span> 
     </span>
     <span class='ocr_line' id='line_1_33' title="bbox 407 4095 630 4174; baseline 0.013 -20"><span class='ocrx_word' id='word_1_272' title='bbox 407 4095 630 4174; x_wconf 89' lang='lat' dir='ltr'>possidendus.</span> 
     </span>
    </p>

    <p class='ocr_par' dir='ltr' id='par_1_6' title="bbox 405 4201 1670 5134">
     <span class='ocr_line' id='line_1_34' title="bbox 513 4201 1670 4284; baseline 0 -22"><span class='ocrx_word' id='word_1_273' title='bbox 513 4201 589 4262; x_wconf 91' lang='lat' dir='ltr'>Item</span> <span class='ocrx_word' id='word_1_274' title='bbox 616 4202 771 4263; x_wconf 87' lang='lat' dir='ltr'>medietas</span> <span class='ocrx_word' id='word_1_275' title='bbox 795 4201 961 4262; x_wconf 88' lang='lat' dir='ltr'>cuiusdam</span> <span class='ocrx_word' id='word_1_276' title='bbox 987 4201 1096 4284; x_wconf 91' lang='lat' dir='ltr'>(h)orti</span> <span class='ocrx_word' id='word_1_277' title='bbox 1131 4201 1233 4262; x_wconf 93' lang='lat' dir='ltr'>civilis</span> <span class='ocrx_word' id='word_1_278' title='bbox 1266 4201 1361 4262; x_wconf 89' lang='lat' dir='ltr'>unius</span> <span class='ocrx_word' id='word_1_279' title='bbox 1392 4215 1505 4283; x_wconf 91' lang='lat' dir='ltr'>quarte</span> <span class='ocrx_word' id='word_1_280' title='bbox 1529 4202 1615 4263; x_wconf 90' lang='lat' dir='ltr'>curie</span> <span class='ocrx_word' id='word_1_281' title='bbox 1640 4214 1670 4263; x_wconf 89' lang='lat' dir='ltr'>et</span> 
     </span>
     <span class='ocr_line' id='line_1_35' title="bbox 407 4307 1669 4390; baseline 0.002 -23"><span class='ocrx_word' id='word_1_282' title='bbox 407 4308 467 4368; x_wconf 89' lang='lat' dir='ltr'>alia</span> <span class='ocrx_word' id='word_1_283' title='bbox 502 4307 659 4369; x_wconf 90' lang='lat' dir='ltr'>medietas</span> <span class='ocrx_word' id='word_1_284' title='bbox 691 4308 821 4369; x_wconf 89' lang='lat' dir='ltr'>alterius</span> <span class='ocrx_word' id='word_1_285' title='bbox 853 4307 961 4390; x_wconf 71' lang='lat' dir='ltr'>(hlorti</span> <span class='ocrx_word' id='word_1_286' title='bbox 993 4308 1086 4370; x_wconf 91' lang='lat' dir='ltr'>liberi</span> <span class='ocrx_word' id='word_1_287' title='bbox 1119 4309 1178 4368; x_wconf 91' lang='lat' dir='ltr'>sub</span> <span class='ocrx_word' id='word_1_288' title='bbox 1211 4307 1326 4368; x_wconf 92' lang='lat' dir='ltr'>eodem</span> <span class='ocrx_word' id='word_1_289' title='bbox 1358 4307 1477 4390; x_wconf 77' lang='lat' dir='ltr'>(h)orto</span> <span class='ocrx_word' id='word_1_290' title='bbox 1509 4307 1669 4386; x_wconf 90' lang='lat' dir='ltr'>habiti,a</span> 
     </span>
     <span class='ocr_line' id='line_1_36' title="bbox 407 4411 1669 4496; baseline 0.002 -23"><span class='ocrx_word' id='word_1_291' title='bbox 407 4427 494 4495; x_wconf 90' lang='lat' dir='ltr'>parte</span> <span class='ocrx_word' id='word_1_292' title='bbox 519 4411 628 4495; x_wconf 89' lang='lat' dir='ltr'>(h)orti</span> <span class='ocrx_word' id='word_1_293' title='bbox 655 4414 788 4474; x_wconf 86' lang='lat' dir='ltr'>Fabiani</span> <span class='ocrx_word' id='word_1_294' title='bbox 813 4413 906 4494; x_wconf 80' lang='lat' dir='ltr'>jurati</span> <span class='ocrx_word' id='word_1_295' title='bbox 936 4412 993 4474; x_wconf 89' lang='lat' dir='ltr'>filii</span> <span class='ocrx_word' id='word_1_296' title='bbox 1019 4413 1174 4476; x_wconf 79' lang='lat' dir='ltr'>iohannis</span> <span class='ocrx_word' id='word_1_297' title='bbox 1205 4414 1274 4492; x_wconf 87' lang='lat' dir='ltr'>sita,</span> <span class='ocrx_word' id='word_1_298' title='bbox 1310 4414 1415 4476; x_wconf 92' lang='lat' dir='ltr'>eidem</span> <span class='ocrx_word' id='word_1_299' title='bbox 1441 4414 1586 4476; x_wconf 88' lang='lat' dir='ltr'>Fabiano</span> <span class='ocrx_word' id='word_1_300' title='bbox 1621 4413 1669 4496; x_wconf 82' lang='lat' dir='ltr'>ju·</span> 
     </span>
     <span class='ocr_line' id='line_1_37' title="bbox 407 4519 1670 4602; baseline 0.001 -22"><span class='ocrx_word' id='word_1_301' title='bbox 407 4535 475 4581; x_wconf 90' lang='lat' dir='ltr'>rato</span> <span class='ocrx_word' id='word_1_302' title='bbox 499 4539 557 4601; x_wconf 94' lang='lat' dir='ltr'>pro</span> <span class='ocrx_word' id='word_1_303' title='bbox 581 4519 683 4581; x_wconf 91' lang='lat' dir='ltr'>tribus</span> <span class='ocrx_word' id='word_1_304' title='bbox 706 4519 775 4582; x_wconf 91' lang='lat' dir='ltr'>flor.</span> <span class='ocrx_word' id='word_1_305' title='bbox 800 4520 880 4598; x_wconf 91' lang='lat' dir='ltr'>auri,</span> <span class='ocrx_word' id='word_1_306' title='bbox 905 4533 935 4580; x_wconf 89' lang='lat' dir='ltr'>et</span> <span class='ocrx_word' id='word_1_307' title='bbox 967 4520 1029 4580; x_wconf 90' lang='lat' dir='ltr'>alia</span> <span class='ocrx_word' id='word_1_308' title='bbox 1068 4519 1221 4582; x_wconf 85' lang='lat' dir='ltr'>medietas</span> <span class='ocrx_word' id='word_1_309' title='bbox 1253 4519 1398 4581; x_wconf 89' lang='lat' dir='ltr'>eiusdem</span> <span class='ocrx_word' id='word_1_310' title='bbox 1432 4520 1540 4602; x_wconf 86' lang='lat' dir='ltr'>(h)orti</span> <span class='ocrx_word' id='word_1_311' title='bbox 1566 4519 1670 4582; x_wconf 91' lang='lat' dir='ltr'>civilis</span> 
     </span>
     <span class='ocr_line' id='line_1_38' title="bbox 406 4625 1669 4708; baseline 0.002 -22"><span class='ocrx_word' id='word_1_312' title='bbox 406 4645 441 4686; x_wconf 88' lang='lat' dir='ltr'>ac</span> <span class='ocrx_word' id='word_1_313' title='bbox 466 4626 596 4687; x_wconf 88' lang='lat' dir='ltr'>alterius</span> <span class='ocrx_word' id='word_1_314' title='bbox 619 4625 703 4687; x_wconf 89' lang='lat' dir='ltr'>horti</span> <span class='ocrx_word' id='word_1_315' title='bbox 735 4625 869 4707; x_wconf 87' lang='lat' dir='ltr'>predicti</span> <span class='ocrx_word' id='word_1_316' title='bbox 901 4627 960 4687; x_wconf 94' lang='lat' dir='ltr'>sub</span> <span class='ocrx_word' id='word_1_317' title='bbox 994 4625 1109 4688; x_wconf 91' lang='lat' dir='ltr'>eodem</span> <span class='ocrx_word' id='word_1_318' title='bbox 1143 4626 1236 4687; x_wconf 88' lang='lat' dir='ltr'>horto</span> <span class='ocrx_word' id='word_1_319' title='bbox 1269 4625 1355 4687; x_wconf 89' lang='lat' dir='ltr'>civili</span> <span class='ocrx_word' id='word_1_320' title='bbox 1388 4625 1548 4705; x_wconf 87' lang='lat' dir='ltr'>habita,a</span> <span class='ocrx_word' id='word_1_321' title='bbox 1581 4639 1669 4708; x_wconf 90' lang='lat' dir='ltr'>parte</span> 
     </span>
     <span class='ocr_line' id='line_1_39' title="bbox 406 4731 1668 4813; baseline 0 -20"><span class='ocrx_word' id='word_1_322' title='bbox 406 4731 514 4796; x_wconf 83' lang='lat' dir='ltr'>fossati</span> <span class='ocrx_word' id='word_1_323' title='bbox 540 4733 721 4794; x_wconf 88' lang='lat' dir='ltr'>communis</span> <span class='ocrx_word' id='word_1_324' title='bbox 745 4733 815 4810; x_wconf 88' lang='lat' dir='ltr'>sita,</span> <span class='ocrx_word' id='word_1_325' title='bbox 840 4746 926 4794; x_wconf 86' lang='lat' dir='ltr'>extra</span> <span class='ocrx_word' id='word_1_326' title='bbox 943 4733 1068 4794; x_wconf 92' lang='lat' dir='ltr'>Novam</span> <span class='ocrx_word' id='word_1_327' title='bbox 1094 4747 1219 4813; x_wconf 87' lang='lat' dir='ltr'>portam</span> <span class='ocrx_word' id='word_1_328' title='bbox 1244 4732 1392 4811; x_wconf 90' lang='lat' dir='ltr'>civitatis,</span> <span class='ocrx_word' id='word_1_329' title='bbox 1408 4732 1494 4813; x_wconf 85' lang='lat' dir='ltr'>juxta</span> <span class='ocrx_word' id='word_1_330' title='bbox 1519 4745 1668 4795; x_wconf 91' lang='lat' dir='ltr'>contenta</span> 
     </span>
     <span class='ocr_line' id='line_1_40' title="bbox 406 4837 1668 4922; baseline 0.001 -23"><span class='ocrx_word' id='word_1_331' title='bbox 406 4840 570 4902; x_wconf 90' lang='lat' dir='ltr'>literarum</span> <span class='ocrx_word' id='word_1_332' title='bbox 594 4841 765 4922; x_wconf 88' lang='lat' dir='ltr'>superinde</span> <span class='ocrx_word' id='word_1_333' title='bbox 790 4837 1006 4902; x_wconf 82' lang='lat' dir='ltr'>confectarum</span> <span class='ocrx_word' id='word_1_334' title='bbox 1032 4839 1130 4902; x_wconf 89' lang='lat' dir='ltr'>habiti</span> <span class='ocrx_word' id='word_1_335' title='bbox 1156 4853 1187 4902; x_wconf 91' lang='lat' dir='ltr'>et</span> <span class='ocrx_word' id='word_1_336' title='bbox 1211 4839 1384 4920; x_wconf 87' lang='lat' dir='ltr'>existentis,</span> <span class='ocrx_word' id='word_1_337' title='bbox 1410 4839 1552 4921; x_wconf 79' lang='lat' dir='ltr'>Georgio</span> <span class='ocrx_word' id='word_1_338' title='bbox 1576 4839 1668 4901; x_wconf 91' lang='lat' dir='ltr'>sella·</span> 
     </span>
     <span class='ocr_line' id='line_1_41' title="bbox 405 4945 1668 5028; baseline 0.001 -22"><span class='ocrx_word' id='word_1_339' title='bbox 405 4947 466 5007; x_wconf 90' lang='lat' dir='ltr'>tori</span> <span class='ocrx_word' id='word_1_340' title='bbox 491 4946 558 5008; x_wconf 88' lang='lat' dir='ltr'>lilio</span> <span class='ocrx_word' id='word_1_341' title='bbox 575 4947 700 5009; x_wconf 90' lang='lat' dir='ltr'>Nicolai</span> <span class='ocrx_word' id='word_1_342' title='bbox 725 4947 871 5008; x_wconf 89' lang='lat' dir='ltr'>similiter</span> <span class='ocrx_word' id='word_1_343' title='bbox 895 4967 953 5028; x_wconf 91' lang='lat' dir='ltr'>pro</span> <span class='ocrx_word' id='word_1_344' title='bbox 970 4947 1070 5008; x_wconf 91' lang='lat' dir='ltr'>tribus</span> <span class='ocrx_word' id='word_1_345' title='bbox 1087 4945 1155 5009; x_wconf 92' lang='lat' dir='ltr'>flor.</span> <span class='ocrx_word' id='word_1_346' title='bbox 1181 4947 1249 5007; x_wconf 89' lang='lat' dir='ltr'>auri</span> <span class='ocrx_word' id='word_1_347' title='bbox 1274 4961 1321 5008; x_wconf 93' lang='lat' dir='ltr'>est</span> <span class='ocrx_word' id='word_1_348' title='bbox 1344 4945 1473 5008; x_wconf 90' lang='lat' dir='ltr'>vendita</span> <span class='ocrx_word' id='word_1_349' title='bbox 1498 4966 1554 5028; x_wconf 91' lang='lat' dir='ltr'>per</span> <span class='ocrx_word' id='word_1_350' title='bbox 1580 4946 1668 5008; x_wconf 88' lang='lat' dir='ltr'>Bric-</span> 
     </span>
     <span class='ocr_line' id='line_1_42' title="bbox 406 5051 1669 5134; baseline 0.002 -23"><span class='ocrx_word' id='word_1_351' title='bbox 406 5052 490 5112; x_wconf 90' lang='lat' dir='ltr'>cium</span> <span class='ocrx_word' id='word_1_352' title='bbox 516 5051 711 5133; x_wconf 83' lang='lat' dir='ltr'>lutifigulum</span> <span class='ocrx_word' id='word_1_353' title='bbox 744 5052 845 5113; x_wconf 88' lang='lat' dir='ltr'>lilium</span> <span class='ocrx_word' id='word_1_354' title='bbox 871 5052 1000 5113; x_wconf 90' lang='lat' dir='ltr'>Thome</span> <span class='ocrx_word' id='word_1_355' title='bbox 1032 5066 1186 5134; x_wconf 89' lang='lat' dir='ltr'>perpetuo</span> <span class='ocrx_word' id='word_1_356' title='bbox 1219 5052 1411 5133; x_wconf 88' lang='lat' dir='ltr'>possidenda</span> <span class='ocrx_word' id='word_1_357' title='bbox 1444 5066 1475 5113; x_wconf 94' lang='lat' dir='ltr'>et</span> <span class='ocrx_word' id='word_1_358' title='bbox 1496 5051 1669 5134; x_wconf 86' lang='lat' dir='ltr'>superinde</span> 
     </span>
    </p>
   </div>
   <div class='ocr_carea' id='block_1_2' title="bbox 0 0 1924 5810">
    <p class='ocr_par' dir='ltr' id='par_1_7' title="bbox 0 0 1924 5810">
     <span class='ocr_line' id='line_1_43' title="bbox 0 0 1924 5810; baseline 0 1"><span class='ocrx_word' id='word_1_359' title='bbox 0 0 1924 5810; x_wconf 95' lang='lat' dir='ltr'> </span> 
     </span>
    </p>
   </div>
  </div>
 </body>
</html>
