3832 5804
798 465 885 524 Anno
905 461 997 544 1458.
1470 466 1528 549 183

265 691 420 762 perpetuo
444 677 669 761 possidendam
695 690 727 740 ct
752 677 812 740 sibi
837 677 1010 760 superinde
1034 693 1081 742 est
1105 679 1199 742 litera
1222 681 1281 742 sub
1305 680 1459 764 pendenti
1484 681 1525 743 si-

264 786 344 868 gillo
368 785 610 848 communitatis
632 797 791 847 emanata.

370 911 449 974 ltem
473 911 590 974 domus
614 909 752 974 fornacis
776 931 897 994 panum
930 911 1068 974 condam
1094 912 1272 996 Elyzabeth
1305 913 1413 996 puelle
1438 926 1527 975 mute

265 1018 328 1080 filie
353 1018 489 1080 condam
516 1018 648 1080 domine
680 1017 881 1100 Margarethe
917 1017 982 1080 filie
1013 1019 1151 1080 condam
1185 1019 1383 1100 sigismundi
1418 1019 1526 1101 jurati,

265 1138 337 1208 post
362 1139 498 1186 mortem
524 1123 624 1208 ipsius
649 1123 826 1208 Elyzabeth
859 1124 967 1207 puelle
992 1139 1079 1186 mute
1100 1126 1246 1188 intestate
1270 1127 1310 1188 ab
1335 1125 1397 1186 hoc
1419 1125 1528 1186 seculo

265 1231 436 1315 temporali
454 1231 649 1311 decedentis,
674 1231 805 1293 domine
823 1229 1001 1316 Elyzabeth
1022 1232 1123 1293 sorori
1141 1232 1240 1314 ipsius
1257 1231 1389 1294 domine
1408 1231 1528 1294 Kathe·

264 1461 349 1508 ratos
372 1459 419 1507 est
449 1444 630 1527 adjudicata
666 1457 822 1526 perpetuo
854 1443 1048 1526 possidenda
1080 1457 1110 1506 et
1140 1443 1312 1526 superinde
1344 1445 1405 1505 sibi
1437 1443 1525 1504 vide-

264 1553 339 1615 licet
363 1551 493 1614 domine
527 1551 705 1634 Elyzabeth
738 1551 879 1612 consorti
911 1549 1067 1631 legittime
1100 1547 1233 1632 Georgii
1265 1549 1322 1612 filii
1354 1549 1451 1612 Marci
1486 1550 1525 1610 de

265 1658 412 1720 Klokocb
437 1672 484 1718 est
507 1657 599 1720 litera
623 1658 681 1718 sub
707 1657 860 1739 pendenti
877 1655 982 1738 sigillo
1007 1657 1248 1718 communitatis
1280 1671 1437 1719 emanata.

369 1782 447 1844 ltem
472 1781 587 1844 Vrsula
604 1782 714 1844 relicta
731 1783 869 1844 condam
891 1781 1020 1843 Thome
1045 1781 1200 1844 carnificis
1216 1781 1293 1844 dicti
1311 1783 1433 1860 Kozalr,
1451 1801 1523 1844 cum

266 1908 424 1950 consensu
449 1887 613 1950 Dorothee
642 1902 673 1950 et
704 1888 839 1970 Agnetis
871 1887 1008 1950 filiarum
1042 1901 1073 1950 et
1098 1889 1176 1971 Elye
1209 1889 1444 1971 campanatoris
1468 1888 1525 1950 viri

266 1995 363 2079 ipsius
381 1994 544 2058 Dorothee
570 1995 724 2072 mulieris,
742 2008 773 2056 et
789 1994 899 2056 Jacobi
917 1995 1034 2056 sutoris
1047 2015 1239 2077 generorum
1253 2013 1396 2074 suorum,
1413 1995 1526 2056 silvam

266 2121 355 2163 suam
380 2101 412 2163 in
436 2101 597 2162 territorio
633 2099 769 2161 civitatis
793 2100 875 2162 inter
902 2101 1015 2162 silvam
1042 2101 1177 2162 Erhardi
1209 2095 1447 2162 Hohenbartter
1470 2120 1527 2183 per

264 2223 365 2270 certas
390 2219 489 2268 metas
513 2207 661 2288 antiquas
686 2205 717 2267 in
742 2207 835 2268 certis
859 2207 1027 2268 arboribus
1055 2207 1258 2290 consignatas
1282 2205 1435 2285 habitam,
1461 2205 1524 2268 De·

264 2313 378 2376 mettio
402 2313 515 2375 sartori
539 2310 607 2373 filio
640 2312 732 2374 Pauli
764 2313 889 2374 concivi
921 2327 1032 2374 nostro
1064 2333 1122 2396 pro
1153 2313 1281 2374 duobus
1308 2312 1377 2377 flor.
1402 2313 1470 2374 auri
1495 2327 1526 2374 et

263 2441 322 2504 pro
347 2435 485 2502 quatuor
508 2419 615 2502 pensis
647 2419 854 2482 denariorum
887 2420 1031 2482 vendidit
1056 2434 1211 2504 perpetuo
1243 2419 1470 2502 possidendam
1495 2433 1526 2482 et

264 2527 436 2610 superinde
461 2539 506 2588 est
528 2527 619 2588 litera
643 2526 703 2588 sibi
721 2527 780 2588 sub
805 2527 959 2608 pendenti
978 2527 1085 2608 sigillo
1110 2526 1350 2589 communitatis
1367 2538 1524 2588 emanata.

367 2650 445 2713 ltem
471 2651 605 2713 domum
630 2670 720 2712 suam
753 2671 825 2712 cum
850 2649 950 2713 lundo
983 2665 1014 2714 et
1046 2651 1201 2714 hedificiis
1225 2652 1257 2712 in
1290 2651 1372 2713 dicta
1397 2651 1523 2714 civitate

262 2756 344 2818 inter
369 2756 502 2820 domum
530 2757 627 2819 Blasii
653 2756 734 2818 labri
759 2771 790 2819 et
814 2758 923 2820 Jacobi
949 2759 1024 2821 dicti
1050 2758 1262 2844 Jalrchewych
1286 2757 1440 2836 habitam,
1457 2777 1522 2820 me·

262 2861 348 2922 diam
373 2862 494 2924 curiam
519 2862 559 2923 ad
584 2881 678 2924 usum
703 2862 839 2924 civitatis
863 2861 984 2945 prefate
1002 2864 1033 2924 in
1053 2883 1085 2924 se
1110 2864 1340 2942 continentem,
1364 2883 1437 2926 cum
1455 2882 1524 2925 om-

263 2969 357 3030 nibus
374 2969 439 3030 suis
463 2969 655 3031 utilitatibus
679 2983 710 3031 et
727 2969 931 3052 pertinenciis
956 2970 1112 3031 universis
1129 2969 1290 3032 Johannes
1314 2983 1416 3032 sartor
1438 2967 1524 3031 filius

263 3074 416 3157 Stephani
442 3075 543 3136 Paulo
568 3075 786 3157 campanatori
812 3091 921 3139 nostro
945 3077 1070 3138 concivi
1095 3075 1163 3138 filio
1188 3077 1316 3139 Thome
1340 3096 1398 3159 pro
1423 3077 1524 3138 tribus

261 3181 336 3245 flor.'
355 3183 423 3242 auri
441 3181 586 3244 vendidit
603 3195 759 3264 perpetuo
776 3183 1002 3264 possidendam
1027 3198 1058 3245 et
1081 3183 1252 3266 superinde
1280 3197 1327 3244 est
1349 3183 1439 3245 litera
1464 3183 1523 3244 sub

265 3288 418 3370 pendenti
442 3289 549 3370 sigillo
574 3289 814 3350 communitatis
838 3304 995 3353 emanata.

368 3413 447 3477 ltem
474 3418 581 3494 Agnes
605 3413 713 3476 relicta
739 3413 876 3475 condam
893 3414 1059 3477 Benedicti
1078 3413 1159 3476 fabri
1187 3434 1272 3476 nunc
1296 3433 1426 3476 consors
1444 3413 1523 3476 Gre-

262 3521 346 3602 gorii
370 3519 428 3583 filii
454 3519 631 3598 Michaelis,
665 3520 827 3600 quandam
862 3520 996 3582 domum
1028 3541 1118 3582 suam
1140 3521 1237 3582 simul
1269 3540 1341 3582 cum
1367 3519 1468 3581 fundo
1493 3535 1523 3581 et

264 3627 380 3688 celario
404 3627 612 3688 subterraneo
645 3645 680 3687 ac
714 3624 846 3687 edificiis
879 3627 911 3687 in
945 3627 1028 3688 dicta
1060 3627 1186 3689 civitate
1219 3628 1301 3688 inter
1333 3626 1465 3688 domum
1493 3641 1523 3687 et

263 3731 398 3796 fundum
432 3732 561 3795 Andree
586 3746 616 3794 et
640 3731 796 3794 Anthonii
821 3747 965 3794 sutorum
998 3755 1033 3795 ac
1058 3733 1200 3795 Conradi
1233 3733 1365 3794 Rawsar
1388 3733 1523 3794 senioris

262 3839 375 3922 judicis
401 3853 431 3901 et
455 3839 597 3900 concivis
621 3839 720 3899 nostri
739 3838 891 3917 habitam,
909 3839 1048 3900 mediam
1066 3839 1186 3900 curiam
1203 3837 1243 3899 ad
1267 3857 1359 3900 usum
1386 3839 1522 3900 civitatis

261 3946 383 4029 prefate
409 3947 441 4007 in
465 3965 497 4006 se
523 3945 752 4024 continentem,
778 3945 922 4027 predicto
955 3944 1113 4025 Gregorio
1148 3945 1262 4006 marito
1294 3963 1352 4005 suo
1377 3959 1412 4004 ut
1435 3963 1521 4005 novo

262 4053 385 4114 concivi
412 4066 521 4114 nostro
545 4052 678 4112 donavit
702 4067 858 4134 perpetuo
882 4052 1108 4133 possidendam
1135 4067 1165 4113 et
1196 4050 1367 4133 superinde
1392 4063 1439 4112 est
1461 4051 1521 4112 sibi

262 4159 352 4221 litera
377 4161 436 4221 sub
460 4157 614 4242 pendenti
639 4157 746 4238 sigillo
771 4158 1010 4219 communitatis
1038 4173 1195 4220 emanata.

368 4283 445 4345 ltem
470 4282 671 4364 Margaretha
695 4283 804 4344 relicta
829 4282 965 4344 condam
984 4281 1111 4343 Andree
1135 4283 1251 4345 sutoris
1281 4303 1365 4346 nunc
1390 4301 1520 4344 consors

261 4390 417 4470 legittima
453 4389 604 4472 Symonis
636 4389 752 4450 sutoris
782 4387 839 4450 filii
875 4389 1026 4470 Stephani
1061 4389 1101 4450 de
1132 4389 1351 4472 Zakrappina,
1387 4389 1520 4450 domum

261 4516 350 4558 suam
376 4515 449 4558 cum
474 4493 575 4556 fundo
593 4509 624 4556 et
647 4495 819 4556 medietate
836 4496 943 4556 celarii
968 4495 999 4556 in
1017 4495 1131 4557 eodem
1157 4493 1257 4556 fundo
1283 4494 1398 4574 effossi,
1423 4515 1519 4556 unam

261 4601 411 4664 videlicet
434 4614 580 4683 quartam
598 4601 683 4662 curie
709 4602 741 4662 in
765 4621 798 4662 se
816 4601 1046 4678 continentem,
1064 4620 1136 4662 cum
1155 4602 1220 4662 suis
1243 4601 1433 4663 utilitatibus
1450 4622 1520 4683 pre·

261 4707 326 4770 fato
352 4709 487 4791 Symoni
510 4708 580 4770 viro
604 4728 663 4770 suo
687 4723 722 4770 ut
745 4709 809 4790 jam
833 4728 919 4771 novo
937 4709 1061 4770 concivi
1089 4723 1199 4770 nostro
1223 4729 1259 4769 ac
1283 4729 1339 4790 per
1364 4728 1438 4770 eum
1456 4709 1521 4769 suis

261 4815 432 4877 heredibus
456 4815 588 4877 donavit
612 4829 766 4897 perpetuo
783 4815 1010 4898 possidendam
1035 4829 1065 4875 et
1085 4815 1144 4876 sibi
1168 4814 1340 4897 superinde
1358 4829 1405 4877 est
1429 4815 1519 4876 litera

261 4923 319 4984 sub
343 4921 496 5006 pendenti
521 4921 627 5004 sigillo
652 4921 890 4984 communitatis
919 4935 1076 4984 emanata.
