3832 5804
429 559 487 641 198
955 563 1042 620 Anno
1063 559 1157 640 1460.

424 769 570 854 pellificis
594 769 651 833 filii
677 772 776 834 Marci
795 772 835 834 de
861 772 1019 852 Dumbro,
1041 774 1081 833 ab
1098 792 1161 834 una
1186 787 1285 855 parte,
1302 775 1342 834 ab
1359 773 1458 836 altera
1484 773 1580 834 Blasii
1606 775 1673 856 Wy

423 877 581 940 thesichin
606 878 681 940 dicti
707 878 849 940 habitam
874 895 905 940 et
937 880 1137 958 existentem,
1169 879 1310 940 mediam
1341 880 1464 941 curiam
1489 893 1520 942 et
1544 881 1687 942 mediam

424 999 570 1046 octavam
596 986 682 1046 curie
707 985 870 1066 integralis
894 986 926 1046 in
950 998 1019 1046 toto
1044 985 1077 1046 in
1098 1005 1130 1046 se
1159 985 1391 1064 continentem,
1417 985 1565 1048 Michaeli
1592 987 1687 1068 pelli·

423 1088 474 1152 fici
499 1090 623 1173 prelato
648 1111 684 1152 ac
708 1095 764 1174 per
788 1111 861 1153 eum
881 1091 1053 1154 heredibus
1076 1091 1142 1152 suis
1166 1110 1225 1173 pro
1251 1091 1364 1172 viginti
1388 1106 1510 1174 septem
1534 1091 1603 1154 flor.
1619 1093 1688 1154 auri

424 1196 570 1258 vendidit
594 1209 623 1258 et
647 1197 819 1278 superinde
844 1197 935 1259 litera
959 1211 1067 1260 nostra
1091 1196 1300 1280 privilegialis
1325 1197 1385 1258 sub
1401 1196 1556 1278 pendenti
1580 1197 1688 1277 sigillo

423 1315 470 1362 est
494 1301 553 1362 sibi
580 1316 737 1365 emanata.

528 1407 606 1470 Item
632 1407 771 1470 Barbara
795 1408 911 1470 mulier
928 1409 1037 1470 relicta
1062 1408 1200 1470 condam
1217 1409 1309 1470 Pauli
1338 1407 1477 1492 Tolvray
1501 1428 1587 1470 nunc
1611 1428 1686 1470 con-

422 1532 490 1574 sors
511 1512 667 1594 legittima
692 1513 847 1575 Iohannis
870 1513 1039 1593 sellatoris,
1053 1515 1195 1576 concivis
1219 1527 1340 1594 nostra,
1368 1514 1530 1596 quandam
1554 1515 1686 1578 totalem

422 1618 557 1680 domum
574 1607 673 1680 'auam
697 1619 836 1701 ligneam
862 1619 959 1682 simul
976 1640 1049 1682 curn
1073 1618 1175 1682 fundo
1194 1635 1225 1683 et
1256 1621 1374 1683 celario
1399 1623 1606 1682 subterraneo
1630 1641 1687 1683 nec

422 1743 487 1786 non
513 1722 647 1786 edificiis
671 1725 703 1786 in
729 1725 812 1786 dicta
837 1725 965 1787 civitate
990 1727 1072 1788 inter
1089 1726 1206 1788 domos
1229 1740 1260 1788 et
1283 1725 1402 1788 fundos
1422 1726 1506 1788 lwan
1530 1726 1687 1809 Chaplich

422 1829 498 1891 dicti
523 1829 580 1892 filii
607 1830 774 1913 Stephani,
799 1851 815 1892 a
841 1831 1047 1893 meridionali
1071 1845 1159 1914 parte
1193 1845 1225 1894 et
1249 1831 1381 1913 Georgii
1406 1833 1525 1894 sutoris
1548 1853 1609 1896 ac.
1627 1879 1635 1894 .
1654 1879 1686 1896 ..

423 1937 718 2018 aseptemtriooali
744 1951 833 2019 parte
865 1936 1018 2016 habitam,
1051 1937 1192 1999 mediam
1224 1938 1255 1998 in
1280 1951 1349 2000 toto
1382 1939 1503 2001 curiam
1528 1939 1568 2000 ad
1594 1958 1686 2000 usum

423 2042 507 2104 dicte
532 2043 669 2104 civitatis
693 2043 725 2104 in
742 2062 775 2104 se
799 2043 1030 2122 continentem,
1055 2043 1127 2106 Elie
1145 2044 1285 2125 agricole
1310 2043 1378 2106 filio
1405 2045 1534 2106 Andree
1558 2045 1598 2106 de
1616 2047 1686 2107 Bw-

412 2147 537 2210 lrowch
568 2148 660 2211 aliter
684 2148 815 2232 Gaysky
840 2150 1071 2230 cognomInati,
1095 2151 1219 2213 concivi
1248 2163 1359 2212 nostro
1382 2171 1418 2213 ac
1444 2171 1598 2233 pereum
1622 2152 1687 2213 auis

423 2252 597 2316 heredibus
621 2273 679 2336 pro
711 2255 883 2316 duodecim
916 2254 985 2318 flor.
1017 2256 1086 2318 auri
1119 2269 1150 2316 et
1182 2268 1320 2337 quatuor
1350 2257 1458 2339 pensis
1481 2257 1685 2319 denariorum

423 2360 669 2442 wyennensium
693 2361 840 2422 vendidit
863 2375 894 2422 et
927 2361 1099 2442 superinde
1130 2361 1223 2424 litera
1255 2375 1375 2424 nostra·
1396 2363 1604 2445 privilegialis
1628 2365 1685 2425 sub

420 2467 574 2550 pendenti
605 2467 713 2548 sigillo
740 2481 787 2530 est
810 2468 870 2529 sibi
894 2481 1051 2531 emanata.

381 2557 383 2560 ¹
527 2573 605 2636 Item
631 2573 805 2636 KatherIna
829 2575 946 2636 mulier
969 2575 1077 2636 relicta
1102 2575 1242 2637 condam
1260 2575 1596 2658 lobannisinstitoris,
1612 2598 1686 2640 con-

421 2681 501 2742 civis
525 2693 643 2760 nostra,
669 2681 832 2762 quandam
862 2681 990 2743 vineam
1015 2701 1106 2742 suam
1137 2682 1170 2742 in
1202 2682 1364 2744 territorio
1397 2683 1534 2746 civitatis
1564 2683 1686 2766 prelate

421 2799 491 2848 nter
514 2787 626 2848 vineas
646 2787 788 2848 virorum
809 2787 963 2849 Demetrii
979 2787 1095 2848 rasoris
1111 2806 1339 2870 pannorum,a
1358 2788 1562 2851 meridionali
1583 2805 1685 2872 parte,

422 2907 453 2956 et
476 2893 605 2956 Andree
630 2893 808 2977 Symunich
833 2893 920 2973 dicti,
945 2894 1107 2956 mediante
1125 2894 1268 2976 quodam
1296 2907 1511 2977 meatusque
1536 2897 1686 2978 pluvialis

422 3020 439 3060 a
463 3001 717 3083 septemtrionali
743 3015 831 3083 parte
858 3000 1001 3062 habitam
1037 3013 1068 3062 et
1091 3001 1292 3080 existentem,
1324 3000 1461 3083 desuper
1483 3022 1502 3063 a
1524 3003 1575 3064 via
1599 3022 1684 3064 com·

404 3106 512 3168 vmuni
537 3121 568 3168 et
592 3105 673 3168 inira
699 3126 801 3188 usque
825 3107 966 3168 rivulum
990 3125 1048 3168 seu
1072 3119 1213 3168 meatum
1238 3125 1320 3188 aque
1346 3107 1499 3189 pluvialis
1522 3128 1555 3169 ae
1579 3123 1684 3170 exten·

421 3211 562 3291 dentem,
588 3213 739 3274 Ladislao
762 3211 830 3274 filio
860 3213 957 3274 Blasii
991 3212 1261 3274 Charanthowich
1294 3213 1535 3294 cognominatO,
1560 3216 1685 3277 concivi

420 3331 542 3397 nostra,
566 3337 626 3398 pro
649 3319 794 3399 quinque
827 3317 897 3380 flor.
930 3318 999 3379 auri
1033 3317 1178 3380 vendidit
1202 3332 1232 3380 et
1264 3318 1439 3401 superinde
1463 3320 1555 3382 litera
1579 3334 1685 3382 nostra

420 3423 628 3504 privilegialis
653 3426 712 3484 sub
736 3425 890 3506 pendenti
914 3424 1022 3506 sigillo
1046 3439 1092 3486 est
1109 3425 1170 3486 sibi
1196 3439 1353 3487 emanata.

525 3529 603 3590 Item
627 3533 721 3591 Anna
745 3531 862 3592 mulier
885 3531 994 3592 relicta
1028 3530 1167 3592 condam
1200 3531 1330 3594 Thome
1361 3533 1521 3594 tubatoris
1545 3547 1576 3596 et
1599 3553 1682 3596 cam·

420 3636 595 3716 patratoris,
620 3637 761 3697 concivis
786 3649 904 3714 nostra,
922 3637 1084 3718 quandam
1103 3636 1236 3698 domum
1255 3657 1345 3699 suam
1363 3637 1468 3700 eidem
1494 3639 1607 3701 domui
1624 3641 1682 3701 sub

420 3755 451 3802 et
476 3741 675 3824 adjacentem
701 3761 736 3802 ac
761 3743 974 3824 pertinentem
1000 3742 1133 3804 indicta
1158 3743 1284 3805 civitate
1302 3744 1384 3806 inter
1400 3744 1537 3806 domurn
1565 3759 1595 3806 et
1612 3744 1682 3806 Iun·

420 3846 496 3908 dum
533 3848 709 3910 liberorum
745 3869 801 3910 seu
837 3868 1057 3910 successorum
1090 3849 1210 3911 Mathie
1247 3850 1522 3930 Zmerlrawchich,
1554 3853 1594 3911 ab
1620 3871 1681 3912 una

419 3967 507 4033 parte
532 3967 562 4014 et
587 3955 724 4015 Emerici
751 3954 884 4016 Skertha
909 3967 1091 4017 nostrorum
1116 3955 1298 4017 concivium
1324 3955 1465 4017 habitam
1491 3970 1522 4018 et
1547 3957 1682 4018 existen·

418 4074 494 4139 tem,
527 4060 667 4122 mediam
699 4061 927 4123 tantummodo
959 4061 1080 4123 curiam
1113 4061 1153 4122 ad
1186 4081 1279 4122 usum
1312 4061 1394 4124 dicte
1425 4061 1562 4123 civitatis
1592 4063 1681 4124 inse

419 4168 657 4246 continentem,
682 4167 775 4229 Petro
800 4166 867 4229 filio
900 4168 997 4229 Blasii
1028 4168 1067 4228 de
1092 4167 1254 4230 deench
1279 4181 1315 4230 ut
1337 4167 1402 4248 jam
1435 4187 1521 4230 novo
1553 4169 1681 4230 concivi

418 4288 528 4335 nostro
552 4294 588 4335 ac
612 4293 765 4356 pereum
790 4275 855 4334 suis
882 4274 1053 4335 heredibus
1085 4293 1143 4356 pro
1168 4274 1312 4355 quinque
1344 4274 1412 4337 flor.
1443 4275 1511 4336 auri
1536 4275 1682 4336 vendidit

418 4393 449 4440 et
465 4380 638 4462 superinde
664 4380 754 4442 litera
780 4395 887 4442 nostra
913 4381 1122 4464 privilegialis
1153 4383 1212 4442 sub
1238 4379 1390 4462 pendenti
1414 4380 1522 4461 sigillo
1547 4394 1594 4442 est
1618 4381 1681 4442 sibi

418 4501 576 4547 emanata.

525 4592 602 4654 Item
628 4593 742 4654 Vrsula
760 4591 826 4654 filia
844 4592 981 4654 condam
1004 4594 1115 4655 Jacobi
1132 4593 1243 4655 relicta
1260 4591 1397 4654 condam
1415 4591 1572 4653 Anthonii
1590 4591 1681 4670 fabri,

417 4699 580 4779 quandam
606 4699 740 4760 domurn
766 4719 855 4760 suam
881 4700 977 4760 simul
995 4720 1066 4761 curn
1093 4699 1195 4762 fundo
1213 4713 1243 4761 et
1260 4700 1377 4781 (h)orto
1402 4699 1507 4762 eidem
1532 4699 1679 4760 attinenti

418 4804 449 4864 in
474 4806 630 4866 suburbio
656 4805 739 4868 dicte
764 4797 900 4868 civitatis
918 4807 1000 4868 inter
1018 4806 1173 4888 (h)ortum
1199 4807 1299 4867 Marci
1316 4806 1356 4866 de
1381 4805 1514 4884 Chawa,
1537 4807 1581 4867 ob
1598 4805 1680 4867 occi-

417 4912 524 4991 dente,
548 4932 584 4974 ac
608 4913 690 4973 inter
714 4913 849 4974 domum
874 4926 905 4974 et
937 4912 1074 4974 fundum
1099 4932 1134 4974 ac
1166 4913 1323 4995 (h)ortum
1348 4911 1468 4973 Vrbani
1495 4912 1614 4990 claudi,
1639 4913 1678 4973 ab

417 5019 551 5098 oriente,
576 5038 674 5082 unam
699 5033 845 5104 quartam
871 5021 958 5085 curie
992 5021 1032 5086 ad
1067 5039 1159 5085 usum
1189 5019 1273 5085 dicte
1304 5019 1439 5082 civitatis
1464 5019 1495 5079 in
1520 5037 1553 5083 se
1580 5018 1678 5082 conti-
