3816 5802
780 529 984 611 Anno1448.
1473 553 1511 614 95

251 739 377 804 ridione
400 740 567 824 habitum,
598 744 735 825 desuper
766 763 782 804 a
815 743 866 804 via
891 756 963 806 eta
997 744 1103 826 platea
1135 747 1299 808 communi
1325 747 1364 806 ab
1389 747 1512 809 oriente

249 845 358 910 habita
382 861 413 910 et
437 847 520 912 infra
545 869 647 931 usque
664 849 826 931 quandam
853 850 983 914 salicem
1010 852 1039 911 in
1059 853 1190 934 sepibus
1207 852 1336 914 Thome
1361 851 1514 914 institoris

251 953 327 1016 dicti
353 954 496 1040 Cheden,
519 955 577 1018 lilii
602 955 713 1018 Jacobi
746 971 922 1036 excretam,
955 977 991 1018 ac
1027 977 1127 1039 usque
1160 958 1314 1039 quasdam
1339 958 1407 1018 vias
1433 957 1513 1019 duas

251 1079 449 1141 communes,
473 1081 570 1124 unam
597 1061 637 1123 ad
661 1075 782 1124 turrem
806 1062 983 1144 predictam
1013 1075 1044 1124 et
1067 1063 1163 1124 aliam
1187 1063 1227 1126 ad
1251 1064 1386 1146 gradum
1412 1083 1511 1145 penes

251 1166 385 1228 eandem
409 1179 530 1230 turrem
554 1166 752 1246 tendentem,
776 1187 850 1230 curn
874 1167 1016 1250 quodam
1034 1169 1143 1252 spacio
1166 1183 1249 1232 terre
1273 1189 1331 1252 pro
1357 1170 1465 1232 cloaca
1482 1183 1513 1232 et

250 1292 308 1356 pro
333 1274 404 1336 aliis
439 1275 626 1337 necessariis
658 1274 758 1357 ipsius
790 1273 919 1337 Thome
951 1275 1105 1337 institoris
1143 1290 1229 1358 apto,
1254 1278 1285 1338 in
1309 1276 1513 1358 longitudine

248 1379 421 1442 duodecim
445 1399 519 1444 cum
543 1379 652 1442 medio
670 1379 797 1442 brachia
823 1379 923 1442 ferrea
949 1394 979 1442 et
996 1400 1097 1444 unum
1115 1383 1259 1464 quartale
1279 1383 1373 1443 unius
1390 1381 1512 1446 brachii

250 1484 353 1566 lerrei,
376 1507 412 1549 ac
437 1487 469 1549 in
493 1487 664 1550 latitudine
682 1507 801 1548 novem
819 1487 946 1550 brachia
974 1485 1075 1550 ferrea
1095 1489 1127 1549 in
1144 1508 1177 1548 se
1194 1489 1226 1549 in
1245 1507 1392 1550 mensura
1410 1489 1510 1551 conti·

249 1608 344 1657 nente
368 1593 526 1674 habitum,
550 1613 647 1656 unam
676 1594 827 1656 videlicet
843 1608 990 1676 quartam
1008 1595 1093 1656 curie
1111 1594 1151 1656 ad
1175 1614 1268 1657 usum
1285 1595 1422 1656 civitatis
1438 1615 1509 1678 pre·

248 1702 332 1764 dicte
356 1702 389 1763 in
412 1722 446 1764 se
470 1701 701 1780 continentem,
733 1699 856 1782 prelato
885 1699 1014 1762 Thorne
1046 1700 1183 1762 institori
1217 1715 1251 1762 ut
1275 1721 1360 1762 novo
1386 1701 1510 1762 concivi

248 1823 357 1871 nostro
382 1809 517 1870 civiliter
542 1807 630 1869 dedit
652 1819 807 1889 perpetuo
839 1806 1070 1889 possidendum
1096 1819 1127 1869 et
1150 1807 1322 1889 superinde
1348 1821 1394 1869 est
1417 1807 1507 1870 litera

248 1915 488 1977 communitatis
512 1915 570 1976 sub
594 1913 703 1995 sigillo
728 1910 870 1974 ciusdem
897 1912 1138 1975 communitatis
1163 1927 1321 1975 emanata.

352 2021 429 2082 ltem
454 2021 566 2083 Petrus
589 2019 711 2102 juratus
735 2019 839 2082 dictus
865 2017 948 2080 Klak
979 2015 1065 2080 filius
1090 2017 1245 2102 Stephani
1270 2019 1345 2081 dicti
1370 2019 1511 2105 Wydek,

248 2127 411 2207 quandam
436 2127 564 2189 vineam
589 2145 679 2188 suam
706 2125 737 2187 in
769 2124 931 2186 territorio
964 2124 1101 2188 civitatis
1133 2125 1275 2207 predicte
1297 2126 1380 2188 inter
1405 2127 1514 2188 vineas

248 2233 333 2294 lwan
359 2232 416 2295 filii
449 2233 612 2296 Valentini
644 2245 676 2294 et
707 2231 884 2294 liberorum
918 2250 974 2292 seu
1006 2251 1226 2293 successorum
1258 2232 1396 2294 condam
1422 2233 1513 2296 Pauli

247 2340 378 2402 sartoris
402 2359 438 2401 ac
462 2340 521 2401 viri
553 2339 701 2400 similiter
734 2337 859 2420 providi
894 2335 1045 2420 Gasparis
1077 2337 1193 2400 literati
1228 2337 1367 2402 habitam
1394 2351 1424 2401 et
1448 2339 1511 2402 exi·

247 2459 394 2526 stentem,
420 2446 558 2528 desuper
581 2465 598 2506 a
624 2445 674 2505 via
699 2443 864 2505 communi
891 2441 972 2505 infra
991 2463 1092 2525 usque
1117 2443 1235 2506 vallem
1260 2464 1316 2506 seu
1341 2445 1510 2508 decursum

247 2572 330 2634 aque
356 2553 506 2635 pluvialis
530 2553 598 2614 sive
623 2570 724 2632 usque
748 2551 954 2612 medietatem
985 2551 1168 2612 communis
1192 2551 1242 2612 vie
1267 2552 1367 2633 ipsius
1391 2551 1510 2612 montis

248 2679 281 2720 se
305 2659 580 2720 demonstrantem
615 2658 852 2735 extendentem,
882 2657 981 2718 Elene
1014 2657 1142 2718 mulieri
1174 2677 1232 2739 pro
1255 2671 1331 2720 tunc
1354 2677 1411 2722 sue
1436 2677 1511 2719 con-

248 2765 324 2827 sorti
346 2765 465 2846 legavit
488 2778 643 2847 perpetuo
667 2762 894 2846 possidendam
918 2776 948 2825 et
964 2763 1135 2846 superinde
1154 2763 1258 2826 eidem
1278 2765 1377 2826 Elene
1402 2777 1449 2830 est
1473 2761 1510 2826 li·

248 2885 314 2932 tera
331 2873 389 2933 sub
414 2871 567 2954 pendenti
592 2869 700 2950 sigillo
724 2869 964 2932 communitatis
988 2885 1145 2932 emanata.

354 2977 432 3040 ltcm
457 2978 559 3039 Lucas
583 2976 723 3057 agricola
746 2975 831 3038 filius
856 2976 981 3037 Nicolai
1009 2975 1086 3036 civis
1115 2975 1251 3037 civitatis
1274 2975 1426 3058 predicte,
1452 2974 1510 3058 (vi-

248 3102 340 3144 neam
366 3083 469 3165 suam)
494 3083 576 3144 inter
599 3083 709 3144 vineas
741 3083 917 3144 liberorum
951 3101 1007 3143 seu
1039 3101 1259 3143 successorum
1284 3081 1421 3143 condam
1445 3085 1511 3142 An·

246 3189 350 3264 thonij
373 3189 485 3252 decani
511 3189 586 3251 dicti
605 3188 836 3272 Kerzowaych,
861 3209 877 3250 a
897 3188 1087 3266 meridiane,
1112 3201 1143 3250 et
1167 3189 1342 3249 liberorum
1367 3208 1423 3248 seu
1440 3207 1511 3248 suc·

247 3315 409 3357 cessorum
434 3295 572 3358 condam
598 3294 726 3356 Thome
743 3293 899 3356 carnificis
916 3293 993 3356 dicti
1013 3293 1221 3376 Kylawchich
1243 3292 1361 3372 habite,
1386 3307 1510 3375 aparte

247 3401 390 3464 eiusdem
417 3402 508 3463 vinee
534 3402 634 3484 ipsius
657 3401 786 3463 Thome
819 3399 976 3468 carnificis
1007 3419 1064 3482 per
1089 3414 1206 3462 metam
1241 3401 1273 3461 in
1298 3401 1389 3461 litera
1413 3400 1510 3484 privi-

247 3507 354 3588 legiali
379 3508 551 3591 superinde
576 3506 732 3588 conlecta,
766 3506 909 3588 Georgio
939 3507 1081 3569 sellatori
1115 3505 1182 3568 lilio
1207 3506 1336 3568 Thome
1360 3526 1419 3589 pro
1444 3526 1510 3568 me-

247 3613 364 3677 dietate
389 3614 557 3676 cuiusdam
582 3615 698 3676 domus
714 3633 770 3676 sue
794 3633 811 3675 a
829 3625 917 3696 parte
935 3612 1105 3695 posteriori
1123 3612 1241 3690 habita,
1259 3630 1317 3693 pro
1342 3631 1404 3673 una
1422 3611 1510 3673 vide·

246 3721 320 3782 licet
344 3734 455 3803 quarta
479 3721 566 3784 curie
590 3740 626 3782 ac
650 3740 708 3804 pro
733 3719 953 3782 additamento
983 3719 1078 3780 unius
1103 3719 1172 3782 flor.
1197 3719 1266 3780 auri
1290 3737 1347 3800 per
1372 3718 1506 3782 modum

245 3827 497 3908 permutationis
520 3841 551 3889 et
575 3826 756 3889 concambii
781 3825 871 3888 dedit
902 3839 1059 3910 perpetuo
1092 3823 1321 3908 possidendam
1347 3838 1378 3885 et
1401 3844 1509 3907 super-

245 3933 321 3995 inde
345 3950 391 3996 est
414 3935 505 3998 litera
530 3935 589 3996 sub
613 3933 767 4016 pendenti
792 3933 898 4016 sigillo
924 3932 1165 3996 communitatis
1189 3946 1349 3994 emanata.

353 4040 430 4104 ltem
457 4041 624 4103 Emericus
640 4039 780 4122 agricola
805 4037 890 4101 filius
908 4039 1060 4122 Symonis
1077 4053 1107 4100 et
1124 4038 1256 4100 honesta
1275 4039 1390 4098 mulier
1409 4037 1510 4098 Lucia

246 4163 357 4210 vocata
391 4147 454 4210 filia
487 4149 626 4209 condam
659 4145 813 4208 iohannis
856 4146 986 4208 sartoris
1018 4165 1149 4206 consors
1181 4144 1325 4206 eiusdem
1359 4143 1510 4222 Emerici,

246 4255 409 4338 quandam
435 4255 562 4316 vineam
588 4272 700 4316 eorum
735 4253 994 4316 condicionalem
1027 4253 1060 4314 in
1084 4251 1244 4314 territorio
1277 4249 1415 4312 civitatis
1439 4269 1509 4332 pre·

246 4363 329 4424 dicte
355 4362 436 4424 inter
460 4361 569 4423 vineas
595 4361 684 4423 Pauli
710 4359 767 4422 filii
802 4360 940 4422 condam
966 4359 1122 4420 Anthonii
1147 4357 1350 4440 Jerihowych
1376 4369 1406 4418 et
1430 4357 1509 4418 libe-

246 4489 355 4531 rorum
380 4488 436 4530 seu
452 4487 672 4530 successorum
691 4467 829 4528 condam
847 4464 979 4547 Georgii
998 4464 1188 4548 carpentarii
1206 4464 1359 4541 habitam,
1376 4475 1407 4524 et
1425 4463 1507 4524 inter

246 4575 326 4637 duas
348 4576 416 4638 vias
440 4595 639 4654 communes,
658 4593 755 4636 unam
771 4573 908 4655 desuper
925 4587 955 4634 et
971 4573 1067 4634 aliam
1091 4573 1130 4633 ab
1154 4572 1235 4634 inira
1253 4570 1376 4632 habitas
1405 4569 1509 4650 sitam,

246 4683 419 4746 Valentino
450 4683 550 4745 sutori
574 4680 642 4744 lilio
667 4681 751 4744 Petri
784 4681 823 4742 de
855 4680 954 4762 Zopia
987 4679 1146 4740 districtus
1179 4677 1217 4738 de
1242 4676 1424 4759 Zlatynnylr
1449 4694 1507 4758 pro

245 4805 367 4874 septem
392 4789 462 4854 flor.
487 4789 555 4852 auri
580 4809 617 4851 ex
642 4807 800 4851 consensu
837 4786 1017 4848 vicinorum
1050 4784 1268 4867 predictorum
1295 4781 1509 4844 vendiderunt

245 4911 403 4978 perpetuo
427 4895 654 4978 possidendam
680 4908 711 4956 et
733 4893 906 4976 superinde
940 4907 985 4954 est
1009 4892 1100 4955 litera
1133 4892 1192 4952 sub
1221 4887 1376 4971 pendenti
1401 4887 1508 4970 sigillo

246 5003 488 5066 communitatis
516 5015 673 5068 emanata.
