3840 5810
835 579 1036 656 Ann01443.
1516 601 1555 662 29

291 784 423 846 domum
448 806 539 850 suam
563 808 636 851 cum
661 787 762 852 fundo
787 801 818 850 et
841 787 999 851 hedificiis
1027 790 1059 851 in
1092 791 1163 852 vico
1189 805 1298 854 nostro
1324 793 1473 856 exteriori
1498 815 1555 856 seu

290 890 394 973 platea
419 891 671 956 Tbeuthonicali
690 897 771 957 inter
796 893 932 956 fundum
949 891 1063 957 Jacobi
1080 897 1198 959 sutoris
1222 913 1252 960 et
1269 899 1337 960 vias
1361 919 1416 960 seu
1434 899 1556 980 plateas

290 1017 478 1061 communes
502 999 656 1081 habitam,
682 1021 779 1064 unam
805 1014 952 1084 quartam
985 1001 1071 1064 curie
1096 1003 1128 1064 in
1157 1023 1190 1065 se
1222 1005 1453 1085 continentem,
1477 1026 1550 1068 cum

290 1105 354 1166 alio
378 1105 479 1167 fundo
503 1107 599 1168 unius
623 1122 735 1189 quarte
752 1107 813 1170 sibi
837 1107 1027 1188 subjacenti,
1045 1109 1179 1192 Symoni
1205 1107 1273 1170 filio
1292 1110 1389 1171 Blasii
1407 1108 1553 1172 vendidit

292 1225 447 1295 perpetuo
475 1214 715 1296 possidendam.

340 1451 422 1523 ltem
450 1449 481 1522 in
511 1451 598 1524 festo
627 1449 882 1525 Purificaeionis
914 1452 1010 1525 beate
1047 1473 1179 1543 semper
1207 1454 1350 1542 virginis
1380 1455 1494 1526 blarie.

805 1608 848 1681 (2.
866 1608 1043 1682 februarii).

392 1745 468 1808 Item
494 1747 694 1828 Augustinus
718 1746 822 1808 dictus
848 1748 956 1808 Kusne
990 1746 1075 1808 filius
1100 1747 1202 1826 Pauli,
1227 1745 1352 1830 pridem
1377 1745 1498 1828 juratus
1522 1761 1553 1808 et

287 1852 427 1914 concivis
452 1867 570 1931 noster,
595 1873 632 1915 ac
655 1854 777 1936 probus
809 1853 935 1934 juvenis
965 1853 1168 1933 Benedictus,
1202 1854 1304 1915 Bensa
1329 1853 1443 1932 dictus,
1468 1853 1552 1916 filius

288 1958 452 2020 Michaelis
477 1959 669 2038 Sebastiani,
694 1960 843 2023 concives
868 1961 979 2038 nostri,
1004 1960 1215 2022 commissarii
1241 1974 1272 2022 et
1295 1973 1480 2021 executores
1503 1960 1551 2022 ul·

285 2065 352 2126 timi
377 2067 557 2128 testamenti
582 2066 721 2128 condam
747 2065 903 2130 Johannis
936 2065 994 2129 filii
1019 2066 1200 2146 Jacomelli,
1225 2065 1388 2147 quandam
1414 2065 1549 2127 domum

286 2191 375 2232 suam
399 2191 455 2234 seu
480 2173 580 2254 ipsius
604 2173 770 2234 Jacomelli
796 2172 852 2234 filii
878 2173 1034 2234 lobannis
1057 2171 1226 2251 nominati,
1252 2173 1335 2233 inter
1359 2171 1494 2233 domum
1520 2185 1551 2234 et

287 2276 420 2340 fundum
446 2279 570 2340 Nicolai
590 2278 705 2358 judicis
722 2281 821 2341 nostri
847 2279 994 2341 moderni
1013 2293 1043 2341 et
1061 2279 1236 2341 liberorum
1263 2279 1399 2340 condam
1424 2279 1548 2340 domini

285 2383 412 2446 Thome
437 2385 544 2446 vicarii
578 2386 609 2446 in
644 2385 878 2467 temporalibus
910 2386 1113 2468 episcopatus
1144 2385 1360 2466 zagrabiensis
1395 2383 1548 2462 habitam,

286 2510 379 2552 unam
404 2511 478 2553 cum
503 2491 610 2554 media
634 2493 756 2554 curiam
781 2493 820 2554 ad
847 2511 939 2554 usum
958 2493 1096 2554 civitatis
1121 2495 1152 2552 in
1177 2511 1210 2553 se
1228 2491 1457 2570 continentem,
1476 2509 1547 2552 curn

284 2597 348 2658 suis
372 2598 565 2660 utilitatibus
581 2598 732 2660 videlicet
749 2597 858 2659 lundis
883 2613 913 2659 et
929 2596 1087 2660 hedificiis
1104 2617 1139 2659 ac
1157 2597 1364 2679 pertinenciis
1392 2597 1549 2659 universis

284 2703 441 2786 Dyonisio
466 2703 629 2767 aurifabro
646 2702 714 2766 filio
733 2706 831 2766 Marci
850 2718 880 2767 et
899 2705 999 2766 Paulo
1017 2703 1084 2766 filio
1103 2703 1256 2784 Stephani
1275 2701 1438 2780 aurifabri,
1457 2704 1549 2764 novis

283 2811 469 2872 concivibus
491 2811 619 2890 nostris,
644 2831 702 2894 pro
726 2811 839 2892 viginti
865 2811 934 2874 flor.
952 2811 1021 2872 auri
1039 2810 1256 2872 vendiderunt
1273 2823 1428 2892 perpetuo
1446 2810 1547 2892 possi·

283 2915 421 2978 dendam
446 2931 477 2980 et
500 2917 673 2999 superinde
698 2931 745 2980 est
778 2918 871 2979 litera
896 2919 955 2980 sub
986 2917 1141 2999 pendenti
1166 2917 1273 2998 sigillo
1308 2917 1548 2978 communitatis

282 3023 524 3104 privilegialiter
552 3037 709 3086 emanata.
1227 3098 1230 3106 ,

386 3129 463 3191 ltem
489 3129 589 3192 Elena
614 3130 723 3192 relicta
748 3130 886 3192 condam
913 3130 1067 3192 Demetrii
1092 3130 1170 3192 olim
1196 3129 1339 3192 concivis
1363 3131 1461 3192 nostri
1486 3111 1544 3192 lilii

281 3235 365 3298 Petri
389 3235 463 3298 dicti
483 3236 698 3321 Zteplrowych
724 3236 763 3297 de
781 3237 940 3316 Huzarcz,
965 3255 1023 3318 pro
1047 3249 1124 3298 tunc
1141 3249 1247 3297 nostra
1265 3235 1416 3316 concivis,
1442 3237 1473 3297 in
1490 3257 1546 3298 sua

281 3353 312 3403 et
334 3341 448 3404 Vrsule
474 3362 509 3404 ac
528 3342 629 3404 Elene
646 3341 783 3404 filiarum
802 3361 931 3404 suarum
950 3343 1105 3424 personis,
1124 3343 1286 3424 quandam
1304 3341 1438 3404 domum
1455 3362 1544 3404 suam

282 3467 353 3508 curn
378 3447 479 3510 iundo
505 3462 536 3510 et
560 3447 727 3527 hedificiis,
760 3449 895 3530 aliisque
927 3449 1049 3510 cunctis
1074 3450 1139 3510 suis
1170 3449 1362 3510 utilitatibus
1386 3461 1417 3510 et
1448 3449 1544 3530 perti-

281 3555 401 3616 nenciis
424 3555 581 3616 universis
598 3555 630 3615 in
655 3555 783 3617 civitate
815 3555 957 3637 predicta
975 3555 1057 3616 inter
1075 3554 1209 3616 domum
1228 3569 1258 3617 et
1275 3553 1412 3616 fundum
1432 3555 1544 3616 Briccii

281 3661 371 3742 jurati
397 3675 428 3724 et
452 3662 594 3724 concivis
611 3661 722 3740 nostri,
740 3663 780 3722 ab
808 3681 869 3723 una
888 3675 988 3744 parte,
1006 3663 1046 3722 ab
1063 3661 1161 3722 altera
1187 3680 1263 3722 vero
1282 3679 1381 3742 penes
1405 3659 1543 3722 fundum

282 3767 413 3849 Georgii
430 3768 524 3848 jurati
543 3769 641 3830 nostri
667 3768 825 3842 moderni,
850 3768 882 3828 in
901 3769 1083 3850 posteritate
1101 3787 1177 3828 vero
1195 3787 1293 3849 penes
1311 3765 1446 3828 fundum
1466 3767 1544 3828 libe-

280 3893 387 3936 rorum
413 3874 550 3936 condam
577 3874 731 3956 Stephani
756 3875 945 3956 carpentarii
971 3873 1124 3952 habitam,
1148 3893 1245 3935 unam
1272 3887 1419 3955 quartam
1444 3888 1475 3935 et
1491 3894 1544 3935 oc-

279 3994 384 4042 tavam
410 3981 496 4042 curie
521 3981 552 4042 in
576 4000 609 4042 se
634 3981 864 4058 continentem,
898 3981 1042 4042 Fabiano
1075 3981 1224 4062 piscatori
1257 3979 1324 4041 filio
1351 3979 1479 4041 Thome
1504 3979 1544 4040 de

281 4086 433 4170 Chychan
458 4087 604 4149 vendidit
627 4099 783 4170 perpetuo
808 4087 1037 4170 possidendam
1063 4099 1094 4148 et
1110 4085 1284 4168 superinde
1308 4101 1354 4147 est
1377 4087 1466 4146 litera
1484 4087 1543 4146 sub

280 4193 430 4275 pendenti
455 4192 562 4274 sigillo
587 4193 829 4254 communitatis
853 4207 1012 4256 emanata.

384 4299 462 4361 ltem
488 4297 654 4360 Dorothea
678 4299 786 4360 relicta
812 4297 949 4360 condam
968 4298 1147 4361 Clementis
1168 4297 1224 4359 filii
1251 4297 1396 4381 Dyonisii
1422 4311 1453 4358 et
1478 4298 1542 4359 Do·

281 4403 389 4466 rothea
413 4405 561 4467 similiter
578 4419 690 4466 vocata
714 4403 779 4466 filia
809 4404 954 4466 eiusdem
981 4401 1143 4465 Dorothee
1168 4424 1204 4464 ex
1223 4403 1335 4464 eadem
1361 4415 1394 4464 et
1418 4423 1455 4464 ex
1472 4403 1542 4484 ipso

281 4509 448 4572 Clemente
473 4512 652 4593 progenita,
676 4511 839 4592 quandam
858 4511 984 4571 vineam
1011 4509 1110 4592 ipsius
1128 4509 1306 4572 Clementis
1325 4509 1355 4569 in
1381 4509 1541 4570 territorio

281 4629 387 4678 nostro
411 4617 494 4679 inter
518 4617 627 4678 vineas
651 4617 785 4678 ecclesie
810 4631 916 4678 nostre
942 4615 1136 4698 parochialis
1161 4616 1244 4676 beati
1271 4615 1369 4677 Marci
1395 4634 1541 4695 ewange-

281 4721 349 4784 liste
374 4737 404 4785 et
429 4723 606 4785 liberorum
639 4723 776 4784 condam
801 4723 942 4784 Francza
968 4721 1074 4783 claudi
1108 4721 1261 4799 habitam,
1287 4721 1423 4802 desuper
1448 4739 1464 4780 a
1491 4720 1540 4779 via

282 4829 441 4891 communi
467 4828 548 4892 infra
573 4849 675 4912 usque
700 4829 840 4890 rivulum
866 4849 922 4890 seu
947 4827 1081 4889 fluvium
1108 4828 1202 4888 llicza
1225 4841 1374 4889 vocatum
1412 4838 1541 4906 proten·

281 4951 400 4998 samer
432 4957 463 4998 se
495 4937 733 5014 extendentem,
766 4955 838 4998 cum
871 4935 936 4996 suis
969 4934 1174 5016 pertinenciis
1214 4933 1358 5014 predicto
1396 4933 1541 4994 Fabiano

282 5043 426 5122 piscatori
453 5043 521 5105 filio
546 5044 675 5106 Thorne
700 5043 918 5105 vendiderunt
943 5055 1098 5124 perpetuo
1123 5040 1359 5122 possidendam.
