3854 5798
438 561 500 636 246
968 567 1054 622 Anno
1076 560 1168 642 1465.

438 775 509 836 liter
533 793 629 836 unam
655 789 801 856 quartam
820 777 906 837 curie
931 777 964 837 in
988 795 1020 836 se
1039 777 1268 856 continentem,
1285 780 1325 838 ab
1343 777 1459 838 eodem
1484 776 1620 838 condam
1639 775 1699 837 do·

437 882 526 943 mino
551 883 686 944 Nicolao
710 883 850 964 plebano
866 883 1014 945 similiter
1032 903 1088 966 pro
1105 903 1159 944 sex
1177 882 1246 946 flor.
1271 884 1339 945 auri
1357 897 1583 965 comparasset,
1601 883 1699 963 igitur

436 1008 496 1050 nos
519 989 814 1071 supplicacionibus
838 990 983 1052 eiusdem
1009 989 1156 1072 Dyonisii
1189 990 1333 1053 inclinati
1366 991 1573 1072 prescriptam
1597 1003 1699 1051 totam

437 1095 571 1158 domum
596 1095 702 1157 medie
727 1096 814 1158 curie
839 1094 937 1178 (cum)
955 1096 1149 1159 utilitatibus
1172 1109 1243 1176 etc,
1260 1095 1385 1179 prefato
1404 1096 1562 1180 Dyonisio
1585 1096 1699 1158 sartori

437 1222 473 1264 ac
497 1223 553 1284 per
577 1223 651 1265 eum
676 1203 776 1285 ipsius
800 1202 973 1264 heredibus
989 1203 1089 1265 literis
1113 1205 1230 1266 nostris
1246 1204 1338 1265 novis
1361 1204 1531 1266 statuimus
1554 1217 1613 1266 etc.
1630 1201 1701 1285 jure

436 1323 593 1392 perpetuo
618 1324 648 1371 er
672 1309 924 1371 irrevocabiliter
948 1310 1177 1392 possidendam
1202 1322 1262 1373 etc.

543 1415 641 1490 Quod
666 1415 741 1497 quia
758 1417 806 1477 vir
826 1415 981 1499 providus
999 1416 1152 1478 Clemens
1169 1416 1309 1479 carnifex
1327 1417 1544 1502 Kelemynecz
1569 1431 1700 1478 vocatus

437 1524 544 1585 senior
567 1522 689 1604 juratus
713 1537 743 1585 et
768 1524 909 1585 concivis
933 1537 1041 1586 noster
1073 1524 1236 1606 quandam
1269 1525 1395 1586 vineam
1420 1543 1510 1585 suam
1536 1523 1700 1586 condicio·

438 1631 543 1692 nalem
569 1643 655 1691 extra
680 1630 805 1691 Novam
831 1645 957 1713 porram
974 1629 1119 1693 eiusdem
1144 1631 1282 1693 civitatis
1299 1630 1381 1692 inter
1397 1631 1524 1692 vineam
1549 1630 1607 1692 viri
1626 1649 1699 1712 pro-

437 1736 501 1798 vidi
528 1749 559 1797 et
582 1735 708 1797 honesti
739 1735 895 1798 Anthonii
928 1735 1080 1818 lutifiguli
1112 1737 1375 1821 Chernchewych
1411 1751 1441 1798 et
1472 1737 1554 1799 inter
1581 1751 1697 1798 terram

436 1861 656 1904 successorum
679 1842 818 1904 condam
844 1841 996 1926 Gasparis
1012 1844 1129 1906 literati
1147 1844 1226 1906 olim
1244 1843 1338 1926 jurati
1363 1863 1398 1906 ac
1423 1844 1565 1906 concivis
1589 1857 1620 1905 et
1641 1862 1699 1904 no-

437 1949 508 2010 tarii
533 1950 632 2010 nostri
657 1947 715 2010 filii
740 1949 878 2010 condam
911 1949 1030 2012 Cosme
1061 1950 1213 2012 aurifabri
1246 1965 1427 2014 nostrorum
1453 1951 1601 2013 similiter
1624 1970 1699 2012 con·

438 2055 568 2134 civium,
593 2055 730 2136 desuper
761 2076 778 2116 a
810 2056 927 2117 vertice
959 2057 1052 2120 vinee
1084 2058 1225 2140 predicte
1258 2077 1315 2120 seu
1347 2057 1439 2119 avia
1471 2057 1636 2118 communi
1667 2071 1699 2118 et

438 2158 519 2222 infra
544 2180 646 2242 usque
671 2161 710 2222 ad
728 2161 870 2223 rivulum
886 2182 919 2223 se
937 2163 1173 2243 extendentem,
1194 2184 1258 2247 que
1276 2165 1370 2226 vinea
1387 2165 1524 2226 condant
1550 2164 1698 2246 Dyonisii

437 2267 577 2348 agricole
601 2265 659 2328 filii
684 2267 776 2329 Pauli
801 2268 841 2330 de
866 2268 985 2330 Waslra
1010 2269 1157 2331 similiter
1185 2271 1327 2332 concivis
1351 2271 1450 2332 nostri
1475 2269 1644 2354 prefuisset
1667 2285 1698 2332 et

437 2391 496 2454 pro
520 2373 630 2435 debito
655 2374 827 2436 duodecim
854 2374 922 2438 flor.
955 2377 1035 2456 auri,
1060 2396 1125 2458 quo
1158 2378 1225 2459 ipse
1255 2377 1430 2461 Dyonisius
1454 2378 1513 2460 ipsi
1538 2375 1699 2439 Clementi

438 2476 577 2539 carnifici
602 2478 760 2541 debitorie
785 2481 992 2561 obligaretur,
1027 2482 1130 2544 eidem
1158 2481 1320 2544 Clementi
1354 2481 1493 2544 carnifici
1518 2503 1556 2542 ex
1580 2502 1619 2544 eo
1642 2502 1700 2565 per

438 2603 497 2646 nos
520 2585 616 2646 vendi
641 2600 791 2649 statutam
818 2603 848 2650 et
880 2589 1097 2668 commissam,
1130 2590 1227 2651 sirnul
1252 2609 1326 2651 cnm
1358 2590 1509 2652 omnibus
1533 2603 1592 2653 etc.
1616 2589 1699 2650 eius-

438 2692 511 2753 dem
530 2692 640 2772 'vinee,
665 2694 735 2755 viro
759 2695 897 2776 provido
922 2696 1079 2778 Dyonisio
1103 2697 1216 2758 sartori
1246 2696 1365 2758 seniori
1390 2695 1495 2777 jurato
1519 2710 1551 2758 et
1574 2695 1699 2756 concivi

438 2812 548 2860 nostro
572 2798 639 2861 filio
665 2802 802 2862 condam
829 2799 962 2884 Georgii
987 2822 1045 2884 pro
1067 2803 1212 2884 quinque
1237 2803 1307 2866 flor.
1324 2803 1392 2864 auri
1418 2816 1478 2865 etc.
1503 2801 1700 2864 vendidisset

438 2919 508 2985 etc.,
533 2906 575 2967 ita
598 2921 717 2985 tamen,
743 2909 831 2989 quod
863 2908 1004 2992 prefatus
1029 2910 1204 2993 Dyonisius
1235 2924 1355 2989 sartor,
1386 2910 1552 2993 ipsiusque
1575 2929 1699 2970 succes·

437 3032 534 3092 sores,
560 3033 618 3097 pro
642 3029 788 3097 tempore
805 3035 1015 3098 possessores,
1039 3017 1174 3098 singulis
1191 3017 1283 3078 annis
1308 3017 1348 3078 de
1365 3017 1476 3080 eadem
1501 3017 1594 3078 vinea
1619 3028 1699 3078 tem·

438 3141 515 3206 pore
538 3123 700 3185 vindemie
717 3123 812 3185 nobis
836 3137 867 3184 et
880 3113 1105 3186 communitati
1122 3137 1230 3185 nostre
1248 3137 1278 3186 et
1290 3125 1331 3185 ad
1348 3123 1537 3185 comitatum
1554 3137 1699 3184 nostrum

438 3230 673 3313 quinquaginta
699 3230 848 3291 denarios
864 3250 922 3312 pro
946 3245 1091 3315 ternpore
1120 3243 1282 3294 currentes
1306 3230 1382 3293 dare
1407 3244 1438 3294 et
1461 3231 1586 3292 solvere
1609 3245 1699 3293 tene·

437 3339 557 3399 buntur
581 3350 639 3398 etc.

544 3443 641 3518 Quod
667 3445 715 3505 vir
731 3445 886 3527 providus
910 3459 942 3507 et
965 3444 1119 3507 honestus
1137 3445 1304 3507 Ladislaus
1328 3444 1413 3507 lilius
1438 3445 1534 3506 Blasii
1560 3443 1699 3506 Czaran·

438 3549 555 3632 thoych
581 3551 687 3612 senior
711 3551 833 3632 juratus
865 3567 896 3613 et
925 3551 1067 3614 concivis
1097 3567 1205 3614 noster
1235 3571 1334 3634 gener
1366 3551 1503 3614 condam
1529 3551 1699 3613 Laurencii

438 3657 591 3719 institoris
615 3657 672 3719 filii
690 3659 773 3721 Petri
792 3659 870 3720 olim
895 3660 1030 3721 senioris
1046 3659 1139 3742 jurati
1157 3673 1188 3720 et
1205 3659 1347 3720 concivis
1368 3659 1467 3720 nostri
1492 3657 1532 3720 ad
1557 3671 1698 3719 nostram

438 3777 508 3843 etc.,
533 3763 696 3827 confessus
721 3779 767 3827 est
791 3766 823 3826 in
840 3764 925 3827 hunc
951 3766 1103 3830 modum:
1125 3781 1160 3828 ut
1176 3767 1244 3848 ipse
1268 3765 1431 3847 quandam
1456 3764 1589 3826 domurn
1607 3783 1698 3825 suam

438 3871 579 3952 ligneam
604 3874 736 3935 totalem
761 3892 834 3934 cum
861 3873 960 3936 domo
985 3887 1108 3936 murata
1134 3893 1170 3935 ac
1195 3872 1296 3935 fundo
1313 3872 1404 3934 totali
1428 3885 1460 3934 et
1482 3871 1601 3933 celario
1625 3873 1698 3933 sub-

441 3992 587 4040 terraneo
611 3981 670 4040 sub
694 3979 807 4042 eadem
832 3981 949 4042 situato
974 3979 1005 4042 in
1031 3980 1114 4041 dicta
1133 3979 1260 4042 civitate
1285 3981 1367 4042 inter
1383 3979 1508 4056 domos,
1533 3975 1652 4039 fundus
1668 3991 1699 4039 et

438 4086 541 4147 curias
565 4086 708 4148 virorum
734 4087 943 4169 providorum
969 4103 999 4148 et
1024 4087 1232 4149 honestorum
1261 4086 1425 4150 Valentini
1449 4085 1507 4147 filii
1532 4084 1699 4146 Michaelis

437 4193 573 4254 senioris
597 4193 721 4275 judicis,
746 4196 785 4255 ab
811 4215 873 4256 una
898 4194 1052 4256 sciliceta
1071 4193 1276 4256 meridionali
1304 4207 1403 4276 parte,
1427 4213 1463 4254 ac
1487 4192 1617 4253 Thome
1634 4211 1698 4252 sar·

437 4299 514 4360 toris
537 4299 673 4361 senioris
704 4300 798 4380 jurati
831 4301 1014 4362 concivium
1047 4314 1243 4378 nostrorum,
1274 4320 1292 4361 a
1323 4298 1577 4382 septemtrionali
1609 4310 1697 4379 parte

438 4405 579 4467 habitam
603 4421 635 4467 et
659 4407 866 4486 existentem,
898 4427 996 4469 unam
1029 4408 1186 4488 integram
1219 4407 1340 4469 curiam
1374 4419 1405 4466 et
1428 4423 1524 4466 unam
1551 4419 1695 4486 quartam

437 4512 522 4573 curie
546 4532 603 4574 seu
627 4513 771 4594 quinque
796 4513 953 4595 quartalia
978 4512 1018 4574 ad
1043 4533 1136 4574 usum
1154 4513 1238 4576 dicte
1262 4495 1399 4575 civitatis
1424 4512 1456 4572 in
1474 4531 1506 4572 se
1531 4511 1696 4572 continen-

436 4633 512 4698 tem,
536 4620 652 4702 partim
677 4639 742 4702 qno
767 4622 806 4681 ad
832 4640 928 4682 unam
946 4620 1153 4682 medietatem
1172 4641 1188 4682 a
1205 4619 1330 4703 prefato
1354 4618 1491 4681 condam
1517 4617 1696 4678 Laurentio

437 4728 581 4790 institore
606 4747 718 4790 socero
742 4748 801 4789 suo
826 4727 1017 4789 donacionis
1039 4727 1134 4789 titulo
1159 4741 1190 4790 et
1213 4719 1329 4810 partim
1354 4744 1420 4808 quo
1445 4723 1485 4786 ad
1509 4723 1606 4785 aliam
1631 4742 1696 4784 me·

437 4834 588 4896 dietatem
613 4855 630 4896 a
655 4833 778 4916 prefato
804 4835 933 4896 Thoma
965 4848 1085 4897 sartore
1110 4854 1167 4918 pro
1202 4833 1467 4896 concremacione
1501 4831 1618 4892 domus
1641 4849 1696 4891 sue

436 4941 621 5022 peripsum
647 4941 811 5004 Thomam
844 4957 998 5004 sartorem
1031 4941 1146 5005 factam
1180 4939 1342 5002 dedomo
1374 4959 1442 5017 sua,
1465 4937 1603 5020 provido
1627 4935 1696 4997 viro

437 5046 610 5110 benedicto
637 5049 773 5110 institori
798 5049 890 5111 aliter
916 5049 1026 5110 Renko
1055 5049 1141 5111 dicto
1166 5047 1314 5110 similiter
1345 5044 1469 5108 concivi
1493 5055 1604 5105 nostro
1628 5041 1696 5104 filio
