<?xml version="1.0" encoding="UTF-8"?>
<!DOCTYPE html PUBLIC "-//W3C//DTD XHTML 1.0 Transitional//EN"
    "http://www.w3.org/TR/xhtml1/DTD/xhtml1-transitional.dtd">
<html xmlns="http://www.w3.org/1999/xhtml" xml:lang="en" lang="en">
 <head>
  <title>
</title>
<meta http-equiv="Content-Type" content="text/html;charset=utf-8" />
  <meta name='ocr-system' content='tesseract 3.04.00' />
  <meta name='ocr-capabilities' content='ocr_page ocr_carea ocr_par ocr_line ocrx_word'/>
</head>
<body>
  <div class='ocr_page' id='page_1' title='image "./monumentahistor21laszgoog_0057.png"; bbox 0 0 3840 5810; ppageno 0'>
   <div class='ocr_carea' id='block_1_1' title="bbox 781 549 1514 629">
    <p class='ocr_par' dir='ltr' id='par_1_1' title="bbox 781 549 1514 629">
     <span class='ocr_line' id='line_1_1' title="bbox 781 549 1514 629; baseline 0.001 -22"><span class='ocrx_word' id='word_1_1' title='bbox 781 549 867 608; x_wconf 77' lang='lat' dir='ltr'><strong>Anno</strong></span> <span class='ocrx_word' id='word_1_2' title='bbox 890 559 983 626; x_wconf 75' lang='lat'><em>1442.</em></span> <span class='ocrx_word' id='word_1_3' title='bbox 1479 565 1514 629; x_wconf 88' lang='lat' dir='ltr'><strong>r3</strong></span> 
     </span>
    </p>
   </div>
   <div class='ocr_carea' id='block_1_2' title="bbox 243 757 1515 5098">
    <p class='ocr_par' dir='ltr' id='par_1_2' title="bbox 250 757 1515 1697">
     <span class='ocr_line' id='line_1_2' title="bbox 359 757 1515 825; baseline -0.004 0"><span class='ocrx_word' id='word_1_4' title='bbox 359 763 438 825; x_wconf 88' lang='lat' dir='ltr'><strong>item</strong></span> <span class='ocrx_word' id='word_1_5' title='bbox 463 763 563 824; x_wconf 91' lang='lat' dir='ltr'><strong>Elena</strong></span> <span class='ocrx_word' id='word_1_6' title='bbox 589 762 698 823; x_wconf 89' lang='lat' dir='ltr'><strong>relicta</strong></span> <span class='ocrx_word' id='word_1_7' title='bbox 723 761 860 823; x_wconf 91' lang='lat' dir='ltr'><strong>condam</strong></span> <span class='ocrx_word' id='word_1_8' title='bbox 894 760 1059 822; x_wconf 82' lang='lat' dir='ltr'>Benedicti</span> <span class='ocrx_word' id='word_1_9' title='bbox 1083 760 1175 822; x_wconf 88' lang='lat' dir='ltr'><strong>aliter</strong></span> <span class='ocrx_word' id='word_1_10' title='bbox 1201 760 1303 821; x_wconf 86' lang='lat' dir='ltr'><strong>Bensa</strong></span> <span class='ocrx_word' id='word_1_11' title='bbox 1328 759 1432 820; x_wconf 89' lang='lat' dir='ltr'><strong>vocati</strong></span> <span class='ocrx_word' id='word_1_12' title='bbox 1457 757 1515 822; x_wconf 88' lang='lat' dir='ltr'><strong>filii</strong></span> 
     </span>
     <span class='ocr_line' id='line_1_3' title="bbox 252 864 1514 951; baseline -0.003 -21"><span class='ocrx_word' id='word_1_13' title='bbox 252 869 395 951; x_wconf 86' lang='lat' dir='ltr'><strong>Dragecz</strong></span> <span class='ocrx_word' id='word_1_14' title='bbox 419 867 542 950; x_wconf 86' lang='lat' dir='ltr'><strong>lagoda</strong></span> <span class='ocrx_word' id='word_1_15' title='bbox 566 867 662 945; x_wconf 89' lang='lat' dir='ltr'><strong>dicta,</strong></span> <span class='ocrx_word' id='word_1_16' title='bbox 699 867 730 928; x_wconf 92' lang='lat' dir='ltr'><strong>in</strong></span> <span class='ocrx_word' id='word_1_17' title='bbox 755 887 810 928; x_wconf 87' lang='lat' dir='ltr'><strong>sua</strong></span> <span class='ocrx_word' id='word_1_18' title='bbox 843 881 874 928; x_wconf 91' lang='lat' dir='ltr'><strong>et</strong></span> <span class='ocrx_word' id='word_1_19' title='bbox 898 867 1033 948; x_wconf 81' lang='lat' dir='ltr'><strong>Agnetis</strong></span> <span class='ocrx_word' id='word_1_20' title='bbox 1068 864 1133 928; x_wconf 90' lang='lat' dir='ltr'><strong>filie</strong></span> <span class='ocrx_word' id='word_1_21' title='bbox 1157 886 1192 927; x_wconf 90' lang='lat' dir='ltr'><strong>ac</strong></span> <span class='ocrx_word' id='word_1_22' title='bbox 1217 865 1312 944; x_wconf 86' lang='lat' dir='ltr'><strong>Petri,</strong></span> <span class='ocrx_word' id='word_1_23' title='bbox 1339 865 1458 927; x_wconf 88' lang='lat' dir='ltr'><strong>Mathei</strong></span> <span class='ocrx_word' id='word_1_24' title='bbox 1483 879 1514 928; x_wconf 88' lang='lat' dir='ltr'><strong>et</strong></span> 
     </span>
     <span class='ocr_line' id='line_1_4' title="bbox 252 969 1514 1056; baseline -0.004 -19"><span class='ocrx_word' id='word_1_25' title='bbox 252 975 405 1038; x_wconf 74' lang='lat' dir='ltr'><strong>Iohannis</strong></span> <span class='ocrx_word' id='word_1_26' title='bbox 427 974 568 1036; x_wconf 87' lang='lat' dir='ltr'><strong>liliorum</strong></span> <span class='ocrx_word' id='word_1_27' title='bbox 588 973 688 1056; x_wconf 90' lang='lat' dir='ltr'><strong>ipsius</strong></span> <span class='ocrx_word' id='word_1_28' title='bbox 713 971 890 1051; x_wconf 84' lang='lat' dir='ltr'><strong>Benedicti,</strong></span> <span class='ocrx_word' id='word_1_29' title='bbox 911 973 1066 1054; x_wconf 89' lang='lat' dir='ltr'><strong>quasdam</strong></span> <span class='ocrx_word' id='word_1_30' title='bbox 1086 972 1165 1034; x_wconf 90' lang='lat' dir='ltr'><strong>duas</strong></span> <span class='ocrx_word' id='word_1_31' title='bbox 1188 972 1284 1034; x_wconf 91' lang='lat' dir='ltr'><strong>silvas</strong></span> <span class='ocrx_word' id='word_1_32' title='bbox 1309 969 1422 1054; x_wconf 82' lang='lat' dir='ltr'><strong>prefati</strong></span> <span class='ocrx_word' id='word_1_33' title='bbox 1440 990 1514 1032; x_wconf 94' lang='lat' dir='ltr'><strong>con-</strong></span> 
     </span>
     <span class='ocr_line' id='line_1_5' title="bbox 252 1077 1514 1144; baseline -0.002 -1"><span class='ocrx_word' id='word_1_34' title='bbox 252 1082 323 1143; x_wconf 88' lang='lat' dir='ltr'><strong>dam</strong></span> <span class='ocrx_word' id='word_1_35' title='bbox 350 1080 516 1144; x_wconf 89' lang='lat' dir='ltr'><strong>Benedicti</strong></span> <span class='ocrx_word' id='word_1_36' title='bbox 541 1080 572 1142; x_wconf 91' lang='lat' dir='ltr'><strong>in</strong></span> <span class='ocrx_word' id='word_1_37' title='bbox 597 1079 760 1142; x_wconf 92' lang='lat' dir='ltr'><strong>territorio</strong></span> <span class='ocrx_word' id='word_1_38' title='bbox 793 1093 902 1142; x_wconf 90' lang='lat' dir='ltr'><strong>nostro</strong></span> <span class='ocrx_word' id='word_1_39' title='bbox 935 1080 1017 1141; x_wconf 87' lang='lat' dir='ltr'><strong>iuter</strong></span> <span class='ocrx_word' id='word_1_40' title='bbox 1040 1079 1136 1140; x_wconf 90' lang='lat' dir='ltr'><strong>silvas</strong></span> <span class='ocrx_word' id='word_1_41' title='bbox 1167 1079 1343 1140; x_wconf 87' lang='lat' dir='ltr'><strong>liberorum</strong></span> <span class='ocrx_word' id='word_1_42' title='bbox 1376 1077 1514 1140; x_wconf 91' lang='lat' dir='ltr'><strong>condam</strong></span> 
     </span>
     <span class='ocr_line' id='line_1_6' title="bbox 252 1183 1513 1269; baseline -0.003 -19"><span class='ocrx_word' id='word_1_43' title='bbox 252 1189 379 1250; x_wconf 84' lang='lat' dir='ltr'><strong>Andree</strong></span> <span class='ocrx_word' id='word_1_44' title='bbox 403 1186 566 1266; x_wconf 85' lang='lat' dir='ltr'><strong>Zwechar,</strong></span> <span class='ocrx_word' id='word_1_45' title='bbox 590 1207 627 1249; x_wconf 91' lang='lat' dir='ltr'><strong>ac</strong></span> <span class='ocrx_word' id='word_1_46' title='bbox 651 1187 789 1269; x_wconf 83' lang='lat' dir='ltr'><strong>desuper</strong></span> <span class='ocrx_word' id='word_1_47' title='bbox 813 1185 946 1249; x_wconf 78' lang='lat' dir='ltr'><strong>fratrum</strong></span> <span class='ocrx_word' id='word_1_48' title='bbox 964 1185 1048 1248; x_wconf 87' lang='lat' dir='ltr'><strong>beati</strong></span> <span class='ocrx_word' id='word_1_49' title='bbox 1074 1186 1199 1248; x_wconf 90' lang='lat' dir='ltr'><strong>Nicolai</strong></span> <span class='ocrx_word' id='word_1_50' title='bbox 1224 1183 1430 1264; x_wconf 81' lang='lat' dir='ltr'><strong>confessoris,</strong></span> <span class='ocrx_word' id='word_1_51' title='bbox 1455 1205 1513 1247; x_wconf 89' lang='lat' dir='ltr'><strong>nec</strong></span> 
     </span>
     <span class='ocr_line' id='line_1_7' title="bbox 252 1291 1513 1378; baseline -0.003 -22"><span class='ocrx_word' id='word_1_52' title='bbox 252 1314 314 1356; x_wconf 93' lang='lat' dir='ltr'><strong>non</strong></span> <span class='ocrx_word' id='word_1_53' title='bbox 338 1295 514 1356; x_wconf 88' lang='lat' dir='ltr'><strong>liberorum</strong></span> <span class='ocrx_word' id='word_1_54' title='bbox 538 1293 676 1355; x_wconf 92' lang='lat' dir='ltr'><strong>condam</strong></span> <span class='ocrx_word' id='word_1_55' title='bbox 695 1293 796 1356; x_wconf 89' lang='lat' dir='ltr'><strong>Elene</strong></span> <span class='ocrx_word' id='word_1_56' title='bbox 821 1293 929 1355; x_wconf 91' lang='lat' dir='ltr'><strong>relicte</strong></span> <span class='ocrx_word' id='word_1_57' title='bbox 947 1292 1037 1354; x_wconf 88' lang='lat' dir='ltr'><strong>Pauli</strong></span> <span class='ocrx_word' id='word_1_58' title='bbox 1055 1291 1112 1354; x_wconf 91' lang='lat' dir='ltr'><strong>filii</strong></span> <span class='ocrx_word' id='word_1_59' title='bbox 1139 1291 1421 1378; x_wconf 85' lang='lat' dir='ltr'><strong>Gywanihabitas,</strong></span> <span class='ocrx_word' id='word_1_60' title='bbox 1446 1313 1513 1353; x_wconf 88' lang='lat' dir='ltr'><strong>sese</strong></span> 
     </span>
     <span class='ocr_line' id='line_1_8' title="bbox 251 1397 1511 1483; baseline -0.001 -22"><span class='ocrx_word' id='word_1_61' title='bbox 251 1401 399 1483; x_wconf 84' lang='lat' dir='ltr'><strong>contigue</strong></span> <span class='ocrx_word' id='word_1_62' title='bbox 425 1415 456 1463; x_wconf 90' lang='lat' dir='ltr'><strong>et</strong></span> <span class='ocrx_word' id='word_1_63' title='bbox 480 1400 656 1463; x_wconf 86' lang='lat' dir='ltr'><strong>inmediate</strong></span> <span class='ocrx_word' id='word_1_64' title='bbox 688 1401 922 1482; x_wconf 87' lang='lat' dir='ltr'><strong>contingentes,</strong></span> <span class='ocrx_word' id='word_1_65' title='bbox 946 1400 1091 1482; x_wconf 91' lang='lat' dir='ltr'><strong>predicto</strong></span> <span class='ocrx_word' id='word_1_66' title='bbox 1115 1399 1254 1460; x_wconf 82' lang='lat' dir='ltr'><strong>iohanni</strong></span> <span class='ocrx_word' id='word_1_67' title='bbox 1281 1399 1416 1461; x_wconf 90' lang='lat' dir='ltr'><strong>institori</strong></span> <span class='ocrx_word' id='word_1_68' title='bbox 1443 1397 1511 1460; x_wconf 86' lang='lat' dir='ltr'><strong>filio</strong></span> 
     </span>
     <span class='ocr_line' id='line_1_9' title="bbox 250 1506 1514 1591; baseline -0.001 -22"><span class='ocrx_word' id='word_1_69' title='bbox 250 1508 374 1570; x_wconf 87' lang='lat' dir='ltr'><strong>Nicolai</strong></span> <span class='ocrx_word' id='word_1_70' title='bbox 398 1528 456 1591; x_wconf 92' lang='lat' dir='ltr'><strong>pro</strong></span> <span class='ocrx_word' id='word_1_71' title='bbox 479 1528 533 1570; x_wconf 88' lang='lat' dir='ltr'><strong>sex</strong></span> <span class='ocrx_word' id='word_1_72' title='bbox 557 1507 627 1571; x_wconf 89' lang='lat' dir='ltr'><strong>flor.</strong></span> <span class='ocrx_word' id='word_1_73' title='bbox 652 1507 718 1570; x_wconf 88' lang='lat' dir='ltr'><strong>auri</strong></span> <span class='ocrx_word' id='word_1_74' title='bbox 745 1521 775 1570; x_wconf 92' lang='lat' dir='ltr'><strong>et</strong></span> <span class='ocrx_word' id='word_1_75' title='bbox 799 1527 857 1591; x_wconf 94' lang='lat' dir='ltr'><strong>pro</strong></span> <span class='ocrx_word' id='word_1_76' title='bbox 876 1507 978 1570; x_wconf 90' lang='lat' dir='ltr'><strong>tribus</strong></span> <span class='ocrx_word' id='word_1_77' title='bbox 1002 1506 1108 1590; x_wconf 87' lang='lat' dir='ltr'><strong>pensis</strong></span> <span class='ocrx_word' id='word_1_78' title='bbox 1133 1507 1343 1568; x_wconf 89' lang='lat' dir='ltr'><strong>denariorum</strong></span> <span class='ocrx_word' id='word_1_79' title='bbox 1369 1506 1514 1568; x_wconf 89' lang='lat' dir='ltr'><strong>vendidit</strong></span> 
     </span>
     <span class='ocr_line' id='line_1_10' title="bbox 250 1613 647 1697; baseline 0 -21"><span class='ocrx_word' id='word_1_80' title='bbox 250 1628 404 1697; x_wconf 90' lang='lat' dir='ltr'><strong>perpetuo</strong></span> <span class='ocrx_word' id='word_1_81' title='bbox 427 1613 647 1697; x_wconf 88' lang='lat' dir='ltr'><strong>possidendas.</strong></span> 
     </span>
    </p>

    <p class='ocr_par' dir='ltr' id='par_1_3' title="bbox 249 1719 1512 2421">
     <span class='ocr_line' id='line_1_11' title="bbox 353 1719 1512 1803; baseline -0.001 -21"><span class='ocrx_word' id='word_1_82' title='bbox 353 1720 430 1783; x_wconf 89' lang='lat' dir='ltr'><strong>item</strong></span> <span class='ocrx_word' id='word_1_83' title='bbox 455 1721 598 1803; x_wconf 89' lang='lat' dir='ltr'><strong>predicta</strong></span> <span class='ocrx_word' id='word_1_84' title='bbox 622 1719 753 1782; x_wconf 88' lang='lat' dir='ltr'><strong>domina</strong></span> <span class='ocrx_word' id='word_1_85' title='bbox 781 1719 881 1782; x_wconf 87' lang='lat' dir='ltr'><strong>Elena</strong></span> <span class='ocrx_word' id='word_1_86' title='bbox 900 1720 1054 1782; x_wconf 90' lang='lat' dir='ltr'><strong>directam</strong></span> <span class='ocrx_word' id='word_1_87' title='bbox 1079 1734 1110 1782; x_wconf 93' lang='lat' dir='ltr'><strong>et</strong></span> <span class='ocrx_word' id='word_1_88' title='bbox 1134 1719 1282 1801; x_wconf 83' lang='lat' dir='ltr'><strong>equalem</strong></span> <span class='ocrx_word' id='word_1_89' title='bbox 1308 1719 1512 1781; x_wconf 88' lang='lat' dir='ltr'><strong>medietatem</strong></span> 
     </span>
     <span class='ocr_line' id='line_1_12' title="bbox 252 1823 1512 1908; baseline -0.001 -21"><span class='ocrx_word' id='word_1_90' title='bbox 252 1826 416 1888; x_wconf 90' lang='lat' dir='ltr'><strong>cuiusdam</strong></span> <span class='ocrx_word' id='word_1_91' title='bbox 444 1828 571 1906; x_wconf 88' lang='lat' dir='ltr'><strong>domus,</strong></span> <span class='ocrx_word' id='word_1_92' title='bbox 603 1825 706 1905; x_wconf 83' lang='lat' dir='ltr'><strong>fundi,</strong></span> <span class='ocrx_word' id='word_1_93' title='bbox 738 1826 911 1908; x_wconf 91' lang='lat' dir='ltr'><strong>celariique</strong></span> <span class='ocrx_word' id='word_1_94' title='bbox 944 1826 1144 1890; x_wconf 89' lang='lat' dir='ltr'><strong>subterranei</strong></span> <span class='ocrx_word' id='word_1_95' title='bbox 1170 1839 1200 1886; x_wconf 91' lang='lat' dir='ltr'><strong>et</strong></span> <span class='ocrx_word' id='word_1_96' title='bbox 1231 1823 1454 1887; x_wconf 86' lang='lat' dir='ltr'><strong>hedificiorum</strong></span> <span class='ocrx_word' id='word_1_97' title='bbox 1480 1825 1512 1886; x_wconf 95' lang='lat' dir='ltr'><strong>in</strong></span> 
     </span>
     <span class='ocr_line' id='line_1_13' title="bbox 250 1931 1511 2020; baseline 0 -28"><span class='ocrx_word' id='word_1_98' title='bbox 250 1932 331 1993; x_wconf 88' lang='lat' dir='ltr'><strong>dicta</strong></span> <span class='ocrx_word' id='word_1_99' title='bbox 356 1932 484 1994; x_wconf 86' lang='lat' dir='ltr'><strong>civitate</strong></span> <span class='ocrx_word' id='word_1_100' title='bbox 510 1933 591 1995; x_wconf 87' lang='lat' dir='ltr'><strong>inter</strong></span> <span class='ocrx_word' id='word_1_101' title='bbox 616 1933 731 1994; x_wconf 88' lang='lat' dir='ltr'><strong>domos</strong></span> <span class='ocrx_word' id='word_1_102' title='bbox 756 1933 846 1995; x_wconf 84' lang='lat' dir='ltr'><strong>Pauli</strong></span> <span class='ocrx_word' id='word_1_103' title='bbox 866 1932 1091 2017; x_wconf 87' lang='lat' dir='ltr'><strong>Chernowych</strong></span> <span class='ocrx_word' id='word_1_104' title='bbox 1109 1946 1139 1994; x_wconf 91' lang='lat' dir='ltr'><strong>et</strong></span> <span class='ocrx_word' id='word_1_105' title='bbox 1163 1932 1339 1994; x_wconf 91' lang='lat' dir='ltr'><strong>liberorum</strong></span> <span class='ocrx_word' id='word_1_106' title='bbox 1366 1931 1446 2014; x_wconf 90' lang='lat' dir='ltr'><strong>Elye</strong></span> <span class='ocrx_word' id='word_1_107' title='bbox 1464 1931 1511 2020; x_wconf 81' lang='lat' dir='ltr'><strong>ju·</strong></span> 
     </span>
     <span class='ocr_line' id='line_1_14' title="bbox 250 2039 1512 2124; baseline 0.002 -24"><span class='ocrx_word' id='word_1_108' title='bbox 250 2041 307 2100; x_wconf 88' lang='lat' dir='ltr'><strong>rati</strong></span> <span class='ocrx_word' id='word_1_109' title='bbox 331 2039 450 2118; x_wconf 89' lang='lat' dir='ltr'><strong>habite,</strong></span> <span class='ocrx_word' id='word_1_110' title='bbox 475 2059 572 2102; x_wconf 89' lang='lat' dir='ltr'><strong>unam</strong></span> <span class='ocrx_word' id='word_1_111' title='bbox 597 2055 743 2122; x_wconf 89' lang='lat' dir='ltr'><strong>quartam</strong></span> <span class='ocrx_word' id='word_1_112' title='bbox 769 2055 800 2102; x_wconf 90' lang='lat' dir='ltr'><strong>et</strong></span> <span class='ocrx_word' id='word_1_113' title='bbox 824 2053 971 2104; x_wconf 89' lang='lat' dir='ltr'><strong>octavam</strong></span> <span class='ocrx_word' id='word_1_114' title='bbox 996 2042 1027 2102; x_wconf 92' lang='lat' dir='ltr'><strong>in</strong></span> <span class='ocrx_word' id='word_1_115' title='bbox 1053 2061 1086 2102; x_wconf 89' lang='lat' dir='ltr'><strong>se</strong></span> <span class='ocrx_word' id='word_1_116' title='bbox 1110 2041 1343 2120; x_wconf 88' lang='lat' dir='ltr'><strong>continentem,</strong></span> <span class='ocrx_word' id='word_1_117' title='bbox 1367 2040 1512 2124; x_wconf 88' lang='lat' dir='ltr'><strong>predicto</strong></span> 
     </span>
     <span class='ocr_line' id='line_1_15' title="bbox 250 2145 1508 2230; baseline 0.002 -24"><span class='ocrx_word' id='word_1_118' title='bbox 250 2145 385 2208; x_wconf 88' lang='lat' dir='ltr'><strong>lobanni</strong></span> <span class='ocrx_word' id='word_1_119' title='bbox 411 2146 549 2208; x_wconf 88' lang='lat' dir='ltr'><strong>institori</strong></span> <span class='ocrx_word' id='word_1_120' title='bbox 578 2147 713 2208; x_wconf 93' lang='lat' dir='ltr'><strong>domino</strong></span> <span class='ocrx_word' id='word_1_121' title='bbox 738 2162 769 2209; x_wconf 93' lang='lat' dir='ltr'><strong>et</strong></span> <span class='ocrx_word' id='word_1_122' title='bbox 791 2149 908 2211; x_wconf 91' lang='lat' dir='ltr'><strong>marito</strong></span> <span class='ocrx_word' id='word_1_123' title='bbox 929 2169 987 2210; x_wconf 90' lang='lat' dir='ltr'><strong>suo</strong></span> <span class='ocrx_word' id='word_1_124' title='bbox 1005 2148 1138 2210; x_wconf 86' lang='lat' dir='ltr'><strong>donavit</strong></span> <span class='ocrx_word' id='word_1_125' title='bbox 1161 2162 1319 2230; x_wconf 89' lang='lat' dir='ltr'><strong>perpetuo</strong></span> <span class='ocrx_word' id='word_1_126' title='bbox 1344 2147 1508 2229; x_wconf 91' lang='lat' dir='ltr'><strong>possiden·</strong></span> 
     </span>
     <span class='ocr_line' id='line_1_16' title="bbox 249 2251 1512 2337; baseline 0.002 -25"><span class='ocrx_word' id='word_1_127' title='bbox 249 2251 321 2312; x_wconf 93' lang='lat' dir='ltr'><strong>dam</strong></span> <span class='ocrx_word' id='word_1_128' title='bbox 356 2266 386 2314; x_wconf 91' lang='lat' dir='ltr'><strong>et</strong></span> <span class='ocrx_word' id='word_1_129' title='bbox 416 2253 588 2334; x_wconf 88' lang='lat' dir='ltr'><strong>superinde</strong></span> <span class='ocrx_word' id='word_1_130' title='bbox 626 2267 672 2315; x_wconf 91' lang='lat' dir='ltr'><strong>est</strong></span> <span class='ocrx_word' id='word_1_131' title='bbox 702 2253 793 2316; x_wconf 87' lang='lat' dir='ltr'><strong>litera</strong></span> <span class='ocrx_word' id='word_1_132' title='bbox 832 2257 891 2317; x_wconf 89' lang='lat' dir='ltr'><strong>sub</strong></span> <span class='ocrx_word' id='word_1_133' title='bbox 930 2255 1038 2337; x_wconf 87' lang='lat' dir='ltr'><strong>sigillo</strong></span> <span class='ocrx_word' id='word_1_134' title='bbox 1070 2255 1235 2316; x_wconf 86' lang='lat' dir='ltr'><strong>communi</strong></span> <span class='ocrx_word' id='word_1_135' title='bbox 1268 2253 1512 2336; x_wconf 89' lang='lat' dir='ltr'><strong>privilegialiter</strong></span> 
     </span>
     <span class='ocr_line' id='line_1_17' title="bbox 249 2371 406 2421; baseline 0.019 -3"><span class='ocrx_word' id='word_1_136' title='bbox 249 2371 406 2421; x_wconf 89' lang='lat' dir='ltr'><strong>emanata.</strong></span> 
     </span>
    </p>

    <p class='ocr_par' dir='ltr' id='par_1_4' title="bbox 246 2464 1511 3401">
     <span class='ocr_line' id='line_1_18' title="bbox 352 2464 1511 2550; baseline 0.002 -24"><span class='ocrx_word' id='word_1_137' title='bbox 352 2465 427 2526; x_wconf 88' lang='lat' dir='ltr'><strong>item</strong></span> <span class='ocrx_word' id='word_1_138' title='bbox 455 2464 597 2526; x_wconf 82' lang='lat' dir='ltr'><strong>Marinus</strong></span> <span class='ocrx_word' id='word_1_139' title='bbox 623 2464 706 2528; x_wconf 84' lang='lat' dir='ltr'><strong>filius</strong></span> <span class='ocrx_word' id='word_1_140' title='bbox 731 2467 853 2546; x_wconf 88' lang='lat' dir='ltr'><strong>Klari0,</strong></span> <span class='ocrx_word' id='word_1_141' title='bbox 878 2465 1001 2550; x_wconf 87' lang='lat' dir='ltr'><strong>pridem</strong></span> <span class='ocrx_word' id='word_1_142' title='bbox 1028 2465 1134 2550; x_wconf 86' lang='lat' dir='ltr'><strong>judex,</strong></span> <span class='ocrx_word' id='word_1_143' title='bbox 1159 2465 1368 2549; x_wconf 88' lang='lat' dir='ltr'><strong>concivisque</strong></span> <span class='ocrx_word' id='word_1_144' title='bbox 1392 2481 1511 2546; x_wconf 89' lang='lat' dir='ltr'><strong>noster,</strong></span> 
     </span>
     <span class='ocr_line' id='line_1_19' title="bbox 249 2570 1506 2652; baseline 0.002 -21"><span class='ocrx_word' id='word_1_145' title='bbox 249 2571 410 2651; x_wconf 91' lang='lat' dir='ltr'><strong>quandam</strong></span> <span class='ocrx_word' id='word_1_146' title='bbox 436 2571 570 2632; x_wconf 91' lang='lat' dir='ltr'><strong>domum</strong></span> <span class='ocrx_word' id='word_1_147' title='bbox 603 2591 693 2634; x_wconf 91' lang='lat' dir='ltr'><strong>suam</strong></span> <span class='ocrx_word' id='word_1_148' title='bbox 718 2591 791 2633; x_wconf 95' lang='lat' dir='ltr'><strong>cum</strong></span> <span class='ocrx_word' id='word_1_149' title='bbox 814 2570 916 2634; x_wconf 88' lang='lat' dir='ltr'><strong>fundo</strong></span> <span class='ocrx_word' id='word_1_150' title='bbox 941 2587 971 2634; x_wconf 92' lang='lat' dir='ltr'><strong>et</strong></span> <span class='ocrx_word' id='word_1_151' title='bbox 1003 2571 1170 2652; x_wconf 88' lang='lat' dir='ltr'><strong>hedificiis,</strong></span> <span class='ocrx_word' id='word_1_152' title='bbox 1195 2571 1330 2634; x_wconf 93' lang='lat' dir='ltr'><strong>domum</strong></span> <span class='ocrx_word' id='word_1_153' title='bbox 1355 2572 1506 2634; x_wconf 91' lang='lat' dir='ltr'><strong>videlicet</strong></span> 
     </span>
     <span class='ocr_line' id='line_1_20' title="bbox 249 2677 1507 2762; baseline 0.002 -25"><span class='ocrx_word' id='word_1_154' title='bbox 249 2691 405 2738; x_wconf 89' lang='lat' dir='ltr'><strong>muratam</strong></span> <span class='ocrx_word' id='word_1_155' title='bbox 416 2677 447 2738; x_wconf 94' lang='lat' dir='ltr'><strong>in</strong></span> <span class='ocrx_word' id='word_1_156' title='bbox 462 2677 588 2740; x_wconf 90' lang='lat' dir='ltr'><strong>civitate</strong></span> <span class='ocrx_word' id='word_1_157' title='bbox 602 2679 742 2760; x_wconf 89' lang='lat' dir='ltr'><strong>predicta</strong></span> <span class='ocrx_word' id='word_1_158' title='bbox 757 2680 839 2740; x_wconf 91' lang='lat' dir='ltr'><strong>inter</strong></span> <span class='ocrx_word' id='word_1_159' title='bbox 851 2679 931 2740; x_wconf 92' lang='lat' dir='ltr'><strong>duas</strong></span> <span class='ocrx_word' id='word_1_160' title='bbox 947 2679 1014 2740; x_wconf 92' lang='lat' dir='ltr'><strong>vias</strong></span> <span class='ocrx_word' id='word_1_161' title='bbox 1027 2699 1216 2741; x_wconf 91' lang='lat' dir='ltr'><strong>communes</strong></span> <span class='ocrx_word' id='word_1_162' title='bbox 1229 2699 1328 2762; x_wconf 91' lang='lat' dir='ltr'><strong>penes</strong></span> <span class='ocrx_word' id='word_1_163' title='bbox 1338 2678 1507 2761; x_wconf 89' lang='lat' dir='ltr'><strong>portellam</strong></span> 
     </span>
     <span class='ocr_line' id='line_1_21' title="bbox 247 2783 1509 2866; baseline 0.003 -23"><span class='ocrx_word' id='word_1_164' title='bbox 247 2802 376 2864; x_wconf 88' lang='lat' dir='ltr'><strong>parvam</strong></span> <span class='ocrx_word' id='word_1_165' title='bbox 402 2783 538 2844; x_wconf 87' lang='lat' dir='ltr'><strong>civitatis</strong></span> <span class='ocrx_word' id='word_1_166' title='bbox 555 2785 696 2866; x_wconf 90' lang='lat' dir='ltr'><strong>predicte</strong></span> <span class='ocrx_word' id='word_1_167' title='bbox 721 2785 895 2866; x_wconf 83' lang='lat' dir='ltr'><strong>vulgariter</strong></span> <span class='ocrx_word' id='word_1_168' title='bbox 913 2786 1046 2848; x_wconf 85' lang='lat' dir='ltr'><strong>Surotve</strong></span> <span class='ocrx_word' id='word_1_169' title='bbox 1072 2785 1215 2846; x_wconf 76' lang='lat' dir='ltr'><strong>divercze</strong></span> <span class='ocrx_word' id='word_1_170' title='bbox 1241 2799 1399 2864; x_wconf 90' lang='lat' dir='ltr'><strong>vocatam,</strong></span> <span class='ocrx_word' id='word_1_171' title='bbox 1423 2787 1509 2847; x_wconf 90' lang='lat' dir='ltr'><strong>acin</strong></span> 
     </span>
     <span class='ocr_line' id='line_1_22' title="bbox 247 2887 1508 2975; baseline 0.004 -26"><span class='ocrx_word' id='word_1_172' title='bbox 247 2889 408 2952; x_wconf 83' lang='lat' dir='ltr'><strong>vicinitate</strong></span> <span class='ocrx_word' id='word_1_173' title='bbox 434 2890 551 2952; x_wconf 91' lang='lat' dir='ltr'><strong>domus</strong></span> <span class='ocrx_word' id='word_1_174' title='bbox 575 2907 605 2953; x_wconf 91' lang='lat' dir='ltr'><strong>et</strong></span> <span class='ocrx_word' id='word_1_175' title='bbox 629 2887 720 2954; x_wconf 82' lang='lat' dir='ltr'><strong>fundi</strong></span> <span class='ocrx_word' id='word_1_176' title='bbox 753 2913 789 2954; x_wconf 91' lang='lat' dir='ltr'><strong>ac</strong></span> <span class='ocrx_word' id='word_1_177' title='bbox 821 2892 1047 2954; x_wconf 87' lang='lat' dir='ltr'><strong>hedificiorum</strong></span> <span class='ocrx_word' id='word_1_178' title='bbox 1072 2892 1219 2975; x_wconf 90' lang='lat' dir='ltr'><strong>Dyonisii</strong></span> <span class='ocrx_word' id='word_1_179' title='bbox 1253 2893 1383 2954; x_wconf 90' lang='lat' dir='ltr'><strong>sartoris</strong></span> <span class='ocrx_word' id='word_1_180' title='bbox 1407 2906 1438 2956; x_wconf 91' lang='lat' dir='ltr'><strong>et</strong></span> <span class='ocrx_word' id='word_1_181' title='bbox 1462 2913 1508 2954; x_wconf 91' lang='lat' dir='ltr'><strong>ra·</strong></span> 
     </span>
     <span class='ocr_line' id='line_1_23' title="bbox 246 2995 1509 3080; baseline 0.005 -25"><span class='ocrx_word' id='word_1_182' title='bbox 246 2995 325 3056; x_wconf 92' lang='lat' dir='ltr'><strong>soris</strong></span> <span class='ocrx_word' id='word_1_183' title='bbox 349 3015 531 3079; x_wconf 91' lang='lat' dir='ltr'><strong>pannorum</strong></span> <span class='ocrx_word' id='word_1_184' title='bbox 565 2997 719 3076; x_wconf 89' lang='lat' dir='ltr'><strong>habitam,</strong></span> <span class='ocrx_word' id='word_1_185' title='bbox 751 2999 810 3060; x_wconf 89' lang='lat' dir='ltr'><strong>tria</strong></span> <span class='ocrx_word' id='word_1_186' title='bbox 843 2999 1000 3080; x_wconf 90' lang='lat' dir='ltr'><strong>quartalia</strong></span> <span class='ocrx_word' id='word_1_187' title='bbox 1033 2999 1119 3060; x_wconf 89' lang='lat' dir='ltr'><strong>curie</strong></span> <span class='ocrx_word' id='word_1_188' title='bbox 1152 2999 1241 3060; x_wconf 89' lang='lat' dir='ltr'><strong>inse</strong></span> <span class='ocrx_word' id='word_1_189' title='bbox 1279 3000 1509 3078; x_wconf 90' lang='lat' dir='ltr'><strong>continentem,</strong></span> 
     </span>
     <span class='ocr_line' id='line_1_24' title="bbox 247 3104 1509 3188; baseline 0.003 -25"><span class='ocrx_word' id='word_1_190' title='bbox 247 3121 318 3164; x_wconf 94' lang='lat' dir='ltr'><strong>cum</strong></span> <span class='ocrx_word' id='word_1_191' title='bbox 342 3104 408 3164; x_wconf 90' lang='lat' dir='ltr'><strong>suis</strong></span> <span class='ocrx_word' id='word_1_192' title='bbox 443 3104 648 3185; x_wconf 87' lang='lat' dir='ltr'><strong>pertinenciis</strong></span> <span class='ocrx_word' id='word_1_193' title='bbox 681 3105 871 3168; x_wconf 83' lang='lat' dir='ltr'><strong>Sebastiano</strong></span> <span class='ocrx_word' id='word_1_194' title='bbox 897 3106 1048 3168; x_wconf 85' lang='lat' dir='ltr'><strong>Soldinar</strong></span> <span class='ocrx_word' id='word_1_195' title='bbox 1079 3104 1147 3167; x_wconf 87' lang='lat' dir='ltr'><strong>filio</strong></span> <span class='ocrx_word' id='word_1_196' title='bbox 1174 3105 1287 3168; x_wconf 86' lang='lat' dir='ltr'><strong>Radko</strong></span> <span class='ocrx_word' id='word_1_197' title='bbox 1312 3106 1351 3166; x_wconf 85' lang='lat' dir='ltr'><strong>de</strong></span> <span class='ocrx_word' id='word_1_198' title='bbox 1377 3107 1509 3188; x_wconf 86' lang='lat' dir='ltr'><strong>Ruysno</strong></span> 
     </span>
     <span class='ocr_line' id='line_1_25' title="bbox 246 3209 1508 3294; baseline 0.002 -25"><span class='ocrx_word' id='word_1_199' title='bbox 246 3227 304 3289; x_wconf 92' lang='lat' dir='ltr'><strong>pro</strong></span> <span class='ocrx_word' id='word_1_200' title='bbox 327 3209 456 3290; x_wconf 88' lang='lat' dir='ltr'><strong>triginta</strong></span> <span class='ocrx_word' id='word_1_201' title='bbox 482 3229 535 3271; x_wconf 85' lang='lat' dir='ltr'><strong>sex</strong></span> <span class='ocrx_word' id='word_1_202' title='bbox 560 3209 629 3273; x_wconf 87' lang='lat' dir='ltr'><strong>flor.</strong></span> <span class='ocrx_word' id='word_1_203' title='bbox 654 3211 723 3272; x_wconf 89' lang='lat' dir='ltr'><strong>auri</strong></span> <span class='ocrx_word' id='word_1_204' title='bbox 748 3211 894 3273; x_wconf 91' lang='lat' dir='ltr'><strong>vendidit</strong></span> <span class='ocrx_word' id='word_1_205' title='bbox 919 3225 1075 3293; x_wconf 90' lang='lat' dir='ltr'><strong>perpetuo</strong></span> <span class='ocrx_word' id='word_1_206' title='bbox 1096 3211 1323 3293; x_wconf 82' lang='lat' dir='ltr'><strong>possidendam</strong></span> <span class='ocrx_word' id='word_1_207' title='bbox 1347 3226 1378 3273; x_wconf 91' lang='lat' dir='ltr'><strong>et</strong></span> <span class='ocrx_word' id='word_1_208' title='bbox 1400 3232 1508 3294; x_wconf 89' lang='lat' dir='ltr'><strong>super-</strong></span> 
     </span>
     <span class='ocr_line' id='line_1_26' title="bbox 247 3314 1508 3401; baseline 0.006 -27"><span class='ocrx_word' id='word_1_209' title='bbox 247 3314 320 3376; x_wconf 92' lang='lat' dir='ltr'><strong>inde</strong></span> <span class='ocrx_word' id='word_1_210' title='bbox 334 3328 380 3378; x_wconf 89' lang='lat' dir='ltr'><strong>est</strong></span> <span class='ocrx_word' id='word_1_211' title='bbox 394 3316 485 3379; x_wconf 87' lang='lat' dir='ltr'><strong>litera</strong></span> <span class='ocrx_word' id='word_1_212' title='bbox 496 3317 554 3378; x_wconf 89' lang='lat' dir='ltr'><strong>sub</strong></span> <span class='ocrx_word' id='word_1_213' title='bbox 569 3317 721 3399; x_wconf 85' lang='lat' dir='ltr'><strong>pendenti</strong></span> <span class='ocrx_word' id='word_1_214' title='bbox 731 3318 839 3400; x_wconf 91' lang='lat' dir='ltr'><strong>sigillo</strong></span> <span class='ocrx_word' id='word_1_215' title='bbox 850 3319 1088 3380; x_wconf 84' lang='lat' dir='ltr'><strong>communitatis</strong></span> <span class='ocrx_word' id='word_1_216' title='bbox 1099 3317 1340 3401; x_wconf 91' lang='lat' dir='ltr'><strong>privilegialiter</strong></span> <span class='ocrx_word' id='word_1_217' title='bbox 1350 3335 1508 3382; x_wconf 87' lang='lat' dir='ltr'><strong>emanata.</strong></span> 
     </span>
    </p>

    <p class='ocr_par' dir='ltr' id='par_1_5' title="bbox 243 3420 1507 4675">
     <span class='ocr_line' id='line_1_27' title="bbox 353 3420 1507 3509; baseline 0.003 -26"><span class='ocrx_word' id='word_1_218' title='bbox 353 3420 432 3484; x_wconf 88' lang='lat' dir='ltr'><strong>ltem</strong></span> <span class='ocrx_word' id='word_1_219' title='bbox 458 3423 557 3484; x_wconf 90' lang='lat' dir='ltr'><strong>Elena</strong></span> <span class='ocrx_word' id='word_1_220' title='bbox 583 3424 692 3486; x_wconf 87' lang='lat' dir='ltr'><strong>relicta</strong></span> <span class='ocrx_word' id='word_1_221' title='bbox 729 3425 866 3486; x_wconf 90' lang='lat' dir='ltr'><strong>condam</strong></span> <span class='ocrx_word' id='word_1_222' title='bbox 893 3424 1024 3505; x_wconf 81' lang='lat' dir='ltr'><strong>Georgii</strong></span> <span class='ocrx_word' id='word_1_223' title='bbox 1048 3425 1110 3506; x_wconf 88' lang='lat' dir='ltr'><strong>Zyr</strong></span> <span class='ocrx_word' id='word_1_224' title='bbox 1139 3425 1170 3485; x_wconf 95' lang='lat' dir='ltr'><strong>in</strong></span> <span class='ocrx_word' id='word_1_225' title='bbox 1195 3445 1251 3486; x_wconf 86' lang='lat' dir='ltr'><strong>sua</strong></span> <span class='ocrx_word' id='word_1_226' title='bbox 1276 3438 1306 3486; x_wconf 92' lang='lat' dir='ltr'><strong>et</strong></span> <span class='ocrx_word' id='word_1_227' title='bbox 1332 3425 1507 3509; x_wconf 88' lang='lat' dir='ltr'><strong>Elyzabeth</strong></span> 
     </span>
     <span class='ocr_line' id='line_1_28' title="bbox 247 3525 1506 3614; baseline 0.003 -25"><span class='ocrx_word' id='word_1_228' title='bbox 247 3525 311 3590; x_wconf 89' lang='lat' dir='ltr'><strong>filie</strong></span> <span class='ocrx_word' id='word_1_229' title='bbox 336 3549 373 3590; x_wconf 87' lang='lat' dir='ltr'><strong>ac</strong></span> <span class='ocrx_word' id='word_1_230' title='bbox 398 3529 552 3592; x_wconf 91' lang='lat' dir='ltr'><strong>Demetrii</strong></span> <span class='ocrx_word' id='word_1_231' title='bbox 577 3529 635 3592; x_wconf 88' lang='lat' dir='ltr'><strong>filii</strong></span> <span class='ocrx_word' id='word_1_232' title='bbox 668 3531 812 3592; x_wconf 90' lang='lat' dir='ltr'><strong>eiusdem</strong></span> <span class='ocrx_word' id='word_1_233' title='bbox 838 3531 971 3612; x_wconf 87' lang='lat' dir='ltr'><strong>Georgii</strong></span> <span class='ocrx_word' id='word_1_234' title='bbox 1001 3531 1063 3614; x_wconf 88' lang='lat' dir='ltr'><strong>Zyr</strong></span> <span class='ocrx_word' id='word_1_235' title='bbox 1096 3531 1251 3613; x_wconf 91' lang='lat' dir='ltr'><strong>personis,</strong></span> <span class='ocrx_word' id='word_1_236' title='bbox 1276 3551 1360 3593; x_wconf 92' lang='lat' dir='ltr'><strong>onus</strong></span> <span class='ocrx_word' id='word_1_237' title='bbox 1384 3547 1414 3592; x_wconf 93' lang='lat' dir='ltr'><strong>et</strong></span> <span class='ocrx_word' id='word_1_238' title='bbox 1437 3553 1506 3613; x_wconf 89' lang='lat' dir='ltr'><strong>gra·</strong></span> 
     </span>
     <span class='ocr_line' id='line_1_29' title="bbox 246 3636 1505 3720; baseline 0.002 -25"><span class='ocrx_word' id='word_1_239' title='bbox 246 3655 359 3698; x_wconf 91' lang='lat' dir='ltr'><strong>vamen</strong></span> <span class='ocrx_word' id='word_1_240' title='bbox 392 3637 582 3698; x_wconf 88' lang='lat' dir='ltr'><strong>eorumdem</strong></span> <span class='ocrx_word' id='word_1_241' title='bbox 614 3637 679 3699; x_wconf 85' lang='lat' dir='ltr'><strong>filie</strong></span> <span class='ocrx_word' id='word_1_242' title='bbox 704 3651 734 3699; x_wconf 92' lang='lat' dir='ltr'><strong>et</strong></span> <span class='ocrx_word' id='word_1_243' title='bbox 767 3636 823 3699; x_wconf 92' lang='lat' dir='ltr'><strong>filii</strong></span> <span class='ocrx_word' id='word_1_244' title='bbox 855 3657 987 3699; x_wconf 88' lang='lat' dir='ltr'><strong>suorum</strong></span> <span class='ocrx_word' id='word_1_245' title='bbox 1020 3638 1051 3698; x_wconf 94' lang='lat' dir='ltr'><strong>in</strong></span> <span class='ocrx_word' id='word_1_246' title='bbox 1084 3657 1116 3698; x_wconf 91' lang='lat' dir='ltr'><strong>se</strong></span> <span class='ocrx_word' id='word_1_247' title='bbox 1150 3637 1249 3719; x_wconf 89' lang='lat' dir='ltr'><strong>ipsam</strong></span> <span class='ocrx_word' id='word_1_248' title='bbox 1283 3651 1396 3720; x_wconf 90' lang='lat' dir='ltr'><strong>sponte</strong></span> <span class='ocrx_word' id='word_1_249' title='bbox 1421 3659 1505 3699; x_wconf 91' lang='lat' dir='ltr'><strong>assu·</strong></span> 
     </span>
     <span class='ocr_line' id='line_1_30' title="bbox 247 3742 1505 3826; baseline 0.003 -24"><span class='ocrx_word' id='word_1_250' title='bbox 247 3742 375 3820; x_wconf 89' lang='lat' dir='ltr'><strong>mendo,</strong></span> <span class='ocrx_word' id='word_1_251' title='bbox 400 3742 604 3806; x_wconf 88' lang='lat' dir='ltr'><strong>medietatem</strong></span> <span class='ocrx_word' id='word_1_252' title='bbox 631 3744 797 3806; x_wconf 86' lang='lat' dir='ltr'><strong>cuiusdam</strong></span> <span class='ocrx_word' id='word_1_253' title='bbox 823 3744 950 3820; x_wconf 92' lang='lat' dir='ltr'><strong>domus,</strong></span> <span class='ocrx_word' id='word_1_254' title='bbox 982 3743 1085 3822; x_wconf 83' lang='lat' dir='ltr'><strong>fundi,</strong></span> <span class='ocrx_word' id='word_1_255' title='bbox 1112 3743 1283 3826; x_wconf 90' lang='lat' dir='ltr'><strong>celariique</strong></span> <span class='ocrx_word' id='word_1_256' title='bbox 1308 3745 1505 3806; x_wconf 90' lang='lat' dir='ltr'><strong>subterranei</strong></span> 
     </span>
     <span class='ocr_line' id='line_1_31' title="bbox 246 3848 1506 3934; baseline 0.002 -24"><span class='ocrx_word' id='word_1_257' title='bbox 246 3863 276 3910; x_wconf 92' lang='lat' dir='ltr'><strong>et</strong></span> <span class='ocrx_word' id='word_1_258' title='bbox 299 3848 526 3912; x_wconf 86' lang='lat' dir='ltr'><strong>hedificiorum</strong></span> <span class='ocrx_word' id='word_1_259' title='bbox 551 3851 582 3912; x_wconf 89' lang='lat' dir='ltr'><strong>in</strong></span> <span class='ocrx_word' id='word_1_260' title='bbox 608 3851 679 3912; x_wconf 91' lang='lat' dir='ltr'><strong>vico</strong></span> <span class='ocrx_word' id='word_1_261' title='bbox 705 3851 804 3934; x_wconf 91' lang='lat' dir='ltr'><strong>ipsius</strong></span> <span class='ocrx_word' id='word_1_262' title='bbox 821 3851 957 3912; x_wconf 89' lang='lat' dir='ltr'><strong>civitatis</strong></span> <span class='ocrx_word' id='word_1_263' title='bbox 981 3851 1133 3914; x_wconf 78' lang='lat' dir='ltr'><strong>exteriori</strong></span> <span class='ocrx_word' id='word_1_264' title='bbox 1159 3865 1304 3912; x_wconf 93' lang='lat' dir='ltr'><strong>sutorum</strong></span> <span class='ocrx_word' id='word_1_265' title='bbox 1328 3871 1384 3912; x_wconf 92' lang='lat' dir='ltr'><strong>seu</strong></span> <span class='ocrx_word' id='word_1_266' title='bbox 1402 3851 1506 3932; x_wconf 88' lang='lat' dir='ltr'><strong>platea</strong></span> 
     </span>
     <span class='ocr_line' id='line_1_32' title="bbox 247 3955 1505 4020; baseline 0.002 -4"><span class='ocrx_word' id='word_1_267' title='bbox 247 3955 499 4020; x_wconf 89' lang='lat' dir='ltr'><strong>Theuthonicaii</strong></span> <span class='ocrx_word' id='word_1_268' title='bbox 517 3959 598 4019; x_wconf 88' lang='lat' dir='ltr'><strong>inter</strong></span> <span class='ocrx_word' id='word_1_269' title='bbox 616 3959 731 4020; x_wconf 90' lang='lat' dir='ltr'><strong>domos</strong></span> <span class='ocrx_word' id='word_1_270' title='bbox 758 3971 788 4020; x_wconf 91' lang='lat' dir='ltr'><strong>et</strong></span> <span class='ocrx_word' id='word_1_271' title='bbox 806 3957 923 4019; x_wconf 84' lang='lat' dir='ltr'><strong>fundos</strong></span> <span class='ocrx_word' id='word_1_272' title='bbox 940 3957 1068 4019; x_wconf 88' lang='lat' dir='ltr'><strong>Martini</strong></span> <span class='ocrx_word' id='word_1_273' title='bbox 1094 3957 1210 4018; x_wconf 91' lang='lat' dir='ltr'><strong>sutoris</strong></span> <span class='ocrx_word' id='word_1_274' title='bbox 1227 3970 1257 4018; x_wconf 88' lang='lat' dir='ltr'><strong>et</strong></span> <span class='ocrx_word' id='word_1_275' title='bbox 1273 3957 1361 4017; x_wconf 84' lang='lat' dir='ltr'><strong>Pauli</strong></span> <span class='ocrx_word' id='word_1_276' title='bbox 1381 3958 1505 4018; x_wconf 88' lang='lat' dir='ltr'><strong>Mazten</strong></span> 
     </span>
     <span class='ocr_line' id='line_1_33' title="bbox 245 4062 1505 4145; baseline 0 -23"><span class='ocrx_word' id='word_1_277' title='bbox 245 4082 279 4122; x_wconf 89' lang='lat' dir='ltr'><strong>ac</strong></span> <span class='ocrx_word' id='word_1_278' title='bbox 304 4062 480 4124; x_wconf 91' lang='lat' dir='ltr'><strong>liberorum</strong></span> <span class='ocrx_word' id='word_1_279' title='bbox 518 4063 654 4125; x_wconf 88' lang='lat' dir='ltr'><strong>condam</strong></span> <span class='ocrx_word' id='word_1_280' title='bbox 680 4063 763 4125; x_wconf 91' lang='lat' dir='ltr'><strong>Petri</strong></span> <span class='ocrx_word' id='word_1_281' title='bbox 790 4063 957 4145; x_wconf 87' lang='lat' dir='ltr'><strong>ireniparis</strong></span> <span class='ocrx_word' id='word_1_282' title='bbox 988 4063 1095 4124; x_wconf 90' lang='lat' dir='ltr'><strong>habite</strong></span> <span class='ocrx_word' id='word_1_283' title='bbox 1121 4077 1151 4123; x_wconf 91' lang='lat' dir='ltr'><strong>et</strong></span> <span class='ocrx_word' id='word_1_284' title='bbox 1183 4063 1356 4140; x_wconf 83' lang='lat' dir='ltr'><strong>existentis,</strong></span> <span class='ocrx_word' id='word_1_285' title='bbox 1381 4063 1505 4142; x_wconf 92' lang='lat' dir='ltr'><strong>porcio·</strong></span> 
     </span>
     <span class='ocr_line' id='line_1_34' title="bbox 245 4168 1504 4253; baseline 0 -25"><span class='ocrx_word' id='word_1_286' title='bbox 245 4187 316 4230; x_wconf 91' lang='lat' dir='ltr'><strong>nem</strong></span> <span class='ocrx_word' id='word_1_287' title='bbox 343 4169 464 4230; x_wconf 89' lang='lat' dir='ltr'><strong>scilicet</strong></span> <span class='ocrx_word' id='word_1_288' title='bbox 488 4169 587 4251; x_wconf 88' lang='lat' dir='ltr'><strong>ipsius</strong></span> <span class='ocrx_word' id='word_1_289' title='bbox 620 4168 752 4252; x_wconf 87' lang='lat' dir='ltr'><strong>Georgii</strong></span> <span class='ocrx_word' id='word_1_290' title='bbox 788 4171 881 4253; x_wconf 92' lang='lat' dir='ltr'><strong>Zzyr,</strong></span> <span class='ocrx_word' id='word_1_291' title='bbox 914 4189 1010 4230; x_wconf 90' lang='lat' dir='ltr'><strong>unam</strong></span> <span class='ocrx_word' id='word_1_292' title='bbox 1036 4169 1156 4230; x_wconf 90' lang='lat' dir='ltr'><strong>scilicet</strong></span> <span class='ocrx_word' id='word_1_293' title='bbox 1189 4182 1335 4250; x_wconf 90' lang='lat' dir='ltr'><strong>quartam</strong></span> <span class='ocrx_word' id='word_1_294' title='bbox 1361 4169 1447 4228; x_wconf 91' lang='lat' dir='ltr'><strong>curie</strong></span> <span class='ocrx_word' id='word_1_295' title='bbox 1473 4169 1504 4229; x_wconf 91' lang='lat' dir='ltr'><strong>in</strong></span> 
     </span>
     <span class='ocr_line' id='line_1_35' title="bbox 245 4274 1505 4356; baseline 0.001 -21"><span class='ocrx_word' id='word_1_296' title='bbox 245 4294 276 4336; x_wconf 90' lang='lat' dir='ltr'><strong>se</strong></span> <span class='ocrx_word' id='word_1_297' title='bbox 300 4275 533 4354; x_wconf 91' lang='lat' dir='ltr'><strong>continentem,</strong></span> <span class='ocrx_word' id='word_1_298' title='bbox 559 4275 702 4356; x_wconf 89' lang='lat' dir='ltr'><strong>Georgio</strong></span> <span class='ocrx_word' id='word_1_299' title='bbox 727 4275 868 4337; x_wconf 80' lang='lat' dir='ltr'><strong>sellacori</strong></span> <span class='ocrx_word' id='word_1_300' title='bbox 894 4274 961 4337; x_wconf 90' lang='lat' dir='ltr'><strong>filio</strong></span> <span class='ocrx_word' id='word_1_301' title='bbox 987 4275 1111 4337; x_wconf 91' lang='lat' dir='ltr'><strong>Nicolai</strong></span> <span class='ocrx_word' id='word_1_302' title='bbox 1141 4276 1181 4336; x_wconf 93' lang='lat' dir='ltr'><strong>de</strong></span> <span class='ocrx_word' id='word_1_303' title='bbox 1205 4275 1335 4354; x_wconf 88' lang='lat' dir='ltr'><strong>Waska,</strong></span> <span class='ocrx_word' id='word_1_304' title='bbox 1361 4289 1395 4336; x_wconf 90' lang='lat' dir='ltr'><strong>ut</strong></span> <span class='ocrx_word' id='word_1_305' title='bbox 1420 4295 1505 4336; x_wconf 91' lang='lat' dir='ltr'><strong>novo</strong></span> 
     </span>
     <span class='ocr_line' id='line_1_36' title="bbox 245 4382 1503 4464; baseline 0 -22"><span class='ocrx_word' id='word_1_306' title='bbox 245 4382 367 4443; x_wconf 91' lang='lat' dir='ltr'><strong>concivi</strong></span> <span class='ocrx_word' id='word_1_307' title='bbox 393 4395 515 4460; x_wconf 90' lang='lat' dir='ltr'><strong>nostro,</strong></span> <span class='ocrx_word' id='word_1_308' title='bbox 539 4401 597 4464; x_wconf 93' lang='lat' dir='ltr'><strong>pro</strong></span> <span class='ocrx_word' id='word_1_309' title='bbox 622 4383 763 4444; x_wconf 88' lang='lat' dir='ltr'><strong>sedecim</strong></span> <span class='ocrx_word' id='word_1_310' title='bbox 789 4382 857 4445; x_wconf 87' lang='lat' dir='ltr'><strong>flor.</strong></span> <span class='ocrx_word' id='word_1_311' title='bbox 883 4383 951 4444; x_wconf 90' lang='lat' dir='ltr'><strong>auri</strong></span> <span class='ocrx_word' id='word_1_312' title='bbox 982 4382 1126 4443; x_wconf 91' lang='lat' dir='ltr'><strong>vendidit</strong></span> <span class='ocrx_word' id='word_1_313' title='bbox 1158 4397 1312 4463; x_wconf 90' lang='lat' dir='ltr'><strong>perpetuo</strong></span> <span class='ocrx_word' id='word_1_314' title='bbox 1339 4382 1503 4463; x_wconf 89' lang='lat' dir='ltr'><strong>possiden·</strong></span> 
     </span>
     <span class='ocr_line' id='line_1_37' title="bbox 245 4487 1505 4571; baseline -0.001 -24"><span class='ocrx_word' id='word_1_315' title='bbox 245 4487 317 4548; x_wconf 88' lang='lat' dir='ltr'><strong>dam</strong></span> <span class='ocrx_word' id='word_1_316' title='bbox 359 4501 389 4549; x_wconf 84' lang='lat' dir='ltr'><strong>et</strong></span> <span class='ocrx_word' id='word_1_317' title='bbox 421 4489 593 4571; x_wconf 87' lang='lat' dir='ltr'><strong>superinde</strong></span> <span class='ocrx_word' id='word_1_318' title='bbox 639 4503 685 4550; x_wconf 90' lang='lat' dir='ltr'><strong>est</strong></span> <span class='ocrx_word' id='word_1_319' title='bbox 720 4489 810 4550; x_wconf 89' lang='lat' dir='ltr'><strong>litera</strong></span> <span class='ocrx_word' id='word_1_320' title='bbox 846 4490 905 4550; x_wconf 89' lang='lat' dir='ltr'><strong>sub</strong></span> <span class='ocrx_word' id='word_1_321' title='bbox 938 4488 1088 4570; x_wconf 89' lang='lat' dir='ltr'><strong>pendenti</strong></span> <span class='ocrx_word' id='word_1_322' title='bbox 1124 4487 1232 4568; x_wconf 91' lang='lat' dir='ltr'><strong>sigillo</strong></span> <span class='ocrx_word' id='word_1_323' title='bbox 1265 4487 1505 4548; x_wconf 89' lang='lat' dir='ltr'><strong>communitatis</strong></span> 
     </span>
     <span class='ocr_line' id='line_1_38' title="bbox 243 4593 667 4675; baseline 0.005 -21"><span class='ocrx_word' id='word_1_324' title='bbox 243 4593 487 4675; x_wconf 85' lang='lat' dir='ltr'><strong>privilegialiter</strong></span> <span class='ocrx_word' id='word_1_325' title='bbox 510 4609 667 4656; x_wconf 84' lang='lat' dir='ltr'><strong>emanata.</strong></span> 
     </span>
    </p>

    <p class='ocr_par' dir='ltr' id='par_1_6' title="bbox 244 4698 1503 5098">
     <span class='ocr_line' id='line_1_39' title="bbox 348 4698 1503 4782; baseline 0.001 -23"><span class='ocrx_word' id='word_1_326' title='bbox 348 4700 424 4762; x_wconf 88' lang='lat' dir='ltr'><strong>Item</strong></span> <span class='ocrx_word' id='word_1_327' title='bbox 458 4721 495 4761; x_wconf 90' lang='lat' dir='ltr'><strong>ex</strong></span> <span class='ocrx_word' id='word_1_328' title='bbox 526 4701 763 4763; x_wconf 89' lang='lat' dir='ltr'><strong>testamentaria</strong></span> <span class='ocrx_word' id='word_1_329' title='bbox 797 4701 964 4782; x_wconf 86' lang='lat' dir='ltr'><strong>legacione</strong></span> <span class='ocrx_word' id='word_1_330' title='bbox 996 4699 1144 4780; x_wconf 85' lang='lat' dir='ltr'><strong>Gregorii</strong></span> <span class='ocrx_word' id='word_1_331' title='bbox 1178 4699 1270 4780; x_wconf 82' lang='lat' dir='ltr'><strong>jurati</strong></span> <span class='ocrx_word' id='word_1_332' title='bbox 1306 4698 1362 4760; x_wconf 88' lang='lat' dir='ltr'><strong>filii</strong></span> <span class='ocrx_word' id='word_1_333' title='bbox 1401 4701 1503 4760; x_wconf 89' lang='lat' dir='ltr'><strong>Bene-</strong></span> 
     </span>
     <span class='ocr_line' id='line_1_40' title="bbox 244 4804 1502 4889; baseline 0.001 -25"><span class='ocrx_word' id='word_1_334' title='bbox 244 4804 318 4867; x_wconf 92' lang='lat' dir='ltr'><strong>dicti</strong></span> <span class='ocrx_word' id='word_1_335' title='bbox 343 4807 482 4887; x_wconf 91' lang='lat' dir='ltr'><strong>quedam</strong></span> <span class='ocrx_word' id='word_1_336' title='bbox 508 4821 590 4868; x_wconf 88' lang='lat' dir='ltr'><strong>terra</strong></span> <span class='ocrx_word' id='word_1_337' title='bbox 617 4808 747 4868; x_wconf 88' lang='lat' dir='ltr'><strong>arabilis</strong></span> <span class='ocrx_word' id='word_1_338' title='bbox 773 4809 803 4868; x_wconf 92' lang='lat' dir='ltr'><strong>in</strong></span> <span class='ocrx_word' id='word_1_339' title='bbox 828 4827 943 4889; x_wconf 87' lang='lat' dir='ltr'><strong>campo</strong></span> <span class='ocrx_word' id='word_1_340' title='bbox 961 4821 1070 4868; x_wconf 90' lang='lat' dir='ltr'><strong>nostro</strong></span> <span class='ocrx_word' id='word_1_341' title='bbox 1101 4806 1303 4866; x_wconf 77' lang='lat' dir='ltr'><strong>intersertas</strong></span> <span class='ocrx_word' id='word_1_342' title='bbox 1328 4805 1502 4866; x_wconf 83' lang='lat' dir='ltr'><strong>liberorum</strong></span> 
     </span>
     <span class='ocr_line' id='line_1_41' title="bbox 244 4911 1502 4994; baseline -0.001 -21"><span class='ocrx_word' id='word_1_343' title='bbox 244 4913 381 4975; x_wconf 87' lang='lat' dir='ltr'><strong>condam</strong></span> <span class='ocrx_word' id='word_1_344' title='bbox 407 4913 535 4976; x_wconf 89' lang='lat' dir='ltr'><strong>Thome</strong></span> <span class='ocrx_word' id='word_1_345' title='bbox 561 4915 676 4975; x_wconf 89' lang='lat' dir='ltr'><strong>literati</strong></span> <span class='ocrx_word' id='word_1_346' title='bbox 703 4915 770 4976; x_wconf 91' lang='lat' dir='ltr'><strong>isan</strong></span> <span class='ocrx_word' id='word_1_347' title='bbox 797 4915 873 4976; x_wconf 92' lang='lat' dir='ltr'><strong>dicti</strong></span> <span class='ocrx_word' id='word_1_348' title='bbox 899 4929 928 4975; x_wconf 91' lang='lat' dir='ltr'><strong>et</strong></span> <span class='ocrx_word' id='word_1_349' title='bbox 947 4915 1027 4974; x_wconf 90' lang='lat' dir='ltr'><strong>inter</strong></span> <span class='ocrx_word' id='word_1_350' title='bbox 1049 4927 1165 4974; x_wconf 88' lang='lat' dir='ltr'><strong>terram</strong></span> <span class='ocrx_word' id='word_1_351' title='bbox 1194 4911 1351 4994; x_wconf 86' lang='lat' dir='ltr'><strong>capellani</strong></span> <span class='ocrx_word' id='word_1_352' title='bbox 1370 4911 1502 4972; x_wconf 89' lang='lat' dir='ltr'><strong>ecclesie</strong></span> 
     </span>
     <span class='ocr_line' id='line_1_42' title="bbox 245 5018 1502 5098; baseline 0.001 -20"><span class='ocrx_word' id='word_1_353' title='bbox 245 5032 349 5080; x_wconf 89' lang='lat' dir='ltr'><strong>nostre</strong></span> <span class='ocrx_word' id='word_1_354' title='bbox 373 5039 409 5080; x_wconf 89' lang='lat' dir='ltr'><strong>ac</strong></span> <span class='ocrx_word' id='word_1_355' title='bbox 435 5020 503 5081; x_wconf 89' lang='lat' dir='ltr'><strong>vias</strong></span> <span class='ocrx_word' id='word_1_356' title='bbox 527 5039 716 5082; x_wconf 88' lang='lat' dir='ltr'><strong>communes</strong></span> <span class='ocrx_word' id='word_1_357' title='bbox 741 5021 848 5082; x_wconf 89' lang='lat' dir='ltr'><strong>habita</strong></span> <span class='ocrx_word' id='word_1_358' title='bbox 880 5035 911 5082; x_wconf 92' lang='lat' dir='ltr'><strong>et</strong></span> <span class='ocrx_word' id='word_1_359' title='bbox 939 5021 1087 5098; x_wconf 86' lang='lat' dir='ltr'><strong>existens,</strong></span> <span class='ocrx_word' id='word_1_360' title='bbox 1121 5019 1152 5078; x_wconf 95' lang='lat' dir='ltr'><strong>in</strong></span> <span class='ocrx_word' id='word_1_361' title='bbox 1178 5018 1311 5079; x_wconf 89' lang='lat' dir='ltr'><strong>Tratina</strong></span> <span class='ocrx_word' id='word_1_362' title='bbox 1335 5019 1405 5097; x_wconf 87' lang='lat' dir='ltr'><strong>sita,</strong></span> <span class='ocrx_word' id='word_1_363' title='bbox 1429 5032 1502 5079; x_wconf 90' lang='lat' dir='ltr'><strong>octo</strong></span> 
     </span>
    </p>
   </div>
   <div class='ocr_carea' id='block_1_3' title="bbox 0 0 1924 5810">
    <p class='ocr_par' dir='ltr' id='par_1_7' title="bbox 0 0 1924 5810">
     <span class='ocr_line' id='line_1_43' title="bbox 0 0 1924 5810; baseline 0 3"><span class='ocrx_word' id='word_1_364' title='bbox 0 0 1924 5810; x_wconf 95' lang='lat' dir='ltr'><strong> </strong></span> 
     </span>
    </p>
   </div>
  </div>
 </body>
</html>
