3840 5810
604 1633 733 1736 (mo
760 1631 918 1724 Domini
944 1633 1217 1736 nocuum.)

271 2009 361 2086 Item
388 2011 423 2086 in
452 2034 546 2088 anno
583 2009 728 2086 Domini
766 2011 955 2088 millesimo
993 2011 1346 2112 quadringentesimo
1385 2013 1534 2112 quadra-

271 2135 414 2234 gesimo
442 2135 568 2235 primo,
588 2157 739 2235 presens
768 2135 919 2212 katerna
938 2143 997 2212 est
1016 2136 1223 2235 conscripta
1250 2143 1417 2236 tempore
1440 2136 1531 2234 judi·

272 2267 375 2334 catus
412 2259 476 2334 viri
504 2259 643 2359 providi
671 2267 710 2336 et
729 2259 871 2336 honesti
892 2258 1033 2336 Nicolai
1065 2259 1195 2358 judicis
1227 2260 1343 2335 nostri
1372 2262 1533 2338 moderni

271 2383 331 2459 filii
355 2383 454 2460 Petri
483 2407 593 2484 super
612 2385 877 2484 registracione
893 2393 932 2462 et
951 2387 1233 2486 consignacione
1258 2393 1437 2463 certarum
1456 2387 1535 2464 lite-

272 2507 671 2608 rarumprivilegialium
691 2509 816 2585 civium
833 2533 876 2585 ac
895 2509 1173 2587 inhabitatorum
1203 2509 1359 2586 civitatis
1385 2509 1534 2588 Montis-

271 2633 458 2730 grecensis
486 2632 647 2732 predicte
676 2632 768 2709 infra
795 2635 1060 2710 nominatorum
1093 2657 1202 2732 super
1238 2635 1531 2734 possessionibus

270 2753 305 2828 in
343 2755 470 2831 eadem
508 2756 655 2833 civitate
693 2765 732 2833 et
769 2759 845 2834 eius
883 2758 1068 2834 territorio
1115 2757 1257 2851 habitis
1287 2757 1535 2837 confectarum

590 2881 863 2982 privilegialiter
891 2889 931 2958 et
958 2889 1215 2960 emanatarum.

270 3133 351 3205 ltem
380 3133 465 3207 teria
494 3138 602 3208 tercia
631 3134 786 3226 proxima
813 3145 889 3228 post
916 3138 1039 3210 testum
1060 3135 1292 3210 conversionis
1321 3137 1411 3210 bean
1440 3137 1534 3210 Pauli

823 3261 978 3353 apostoli.

777 3445 838 3509 (31.
855 3434 1021 3510 januarii).

375 3585 454 3649 Item
476 3587 515 3650 ad
540 3586 712 3652 laesionem
738 3590 861 3653 domini
887 3591 977 3654 Pauli
1010 3592 1177 3674 presbiteri
1202 3591 1258 3655 filii
1290 3591 1428 3654 condam
1465 3613 1531 3656 ma·

270 3693 359 3773 gistri
385 3693 538 3776 Stephani
563 3696 692 3758 sartoris
716 3711 747 3760 et
770 3698 885 3759 rasoris
917 3718 1110 3780 pannorum,
1135 3699 1190 3780 qui
1216 3718 1304 3760 nunc
1328 3713 1395 3760 erat
1420 3699 1533 3761 unicus

272 3798 429 3880 plebanus
454 3800 587 3863 ecclesie
604 3815 711 3864 nostre
729 3802 921 3884 parochialis
938 3805 1021 3867 beati
1039 3805 1136 3866 Marci
1155 3805 1373 3886 ewangeliste,
1401 3825 1457 3886 per
1474 3825 1533 3867 nos

270 3919 345 3988 puta
386 3907 618 3969 communicem
651 3922 751 3972 totam
785 3911 905 3972 electus
935 3925 966 3972 et
996 3909 1202 3973 confirmatus
1241 3925 1272 3972 et
1304 3931 1341 3972 ex
1374 3931 1532 3974 consensu

269 4011 412 4073 eiusdem
437 4005 544 4074 nostre
578 4015 818 4078 communitatis
850 4016 994 4078 Fabiano
1019 4017 1145 4078 literato
1177 4014 1245 4077 filio
1278 4015 1443 4095 lobannis,
1468 4017 1531 4098 pri-

271 4117 344 4178 dem
376 4117 498 4200 jurato,
530 4120 654 4181 concivi
688 4135 816 4202 nostro,
848 4136 879 4185 et
903 4123 1069 4185 Demetrio
1101 4121 1168 4184 filio
1200 4122 1344 4184 eiusdem
1378 4122 1533 4184 lobannis

269 4221 356 4285 fratri
383 4224 482 4306 ipsius
505 4225 639 4288 Fabiani
677 4225 770 4308 jurati
802 4227 921 4310 juniori
954 4242 1001 4291 est
1030 4229 1120 4290 litera
1152 4227 1361 4310 privilegialis
1386 4242 1532 4290 emanata

267 4332 326 4392 sub
351 4332 504 4413 pendenti
528 4333 636 4415 sigillo
660 4336 901 4397 communitatis
932 4355 1027 4418 super
1044 4335 1138 4398 vinea
1161 4334 1281 4417 Belyak
1306 4354 1401 4417 super
1426 4353 1476 4412 e0,
1493 4348 1528 4396 ut

268 4437 327 4519 ipsi
352 4439 391 4499 de
416 4439 529 4501 eadem
555 4441 647 4502 vinea
673 4455 703 4502 et
726 4441 805 4504 silva
830 4443 889 4504 sibi
914 4444 973 4504 sub
997 4457 1028 4504 et
1044 4441 1202 4523 adjacenti
1228 4440 1367 4523 plebano
1397 4441 1531 4502 ecclesie

268 4545 368 4604 sancti
401 4544 499 4607 Marci
539 4546 680 4629 predicte
705 4547 841 4628 singulis
864 4551 956 4610 annis
986 4562 1132 4631 tempore
1157 4547 1321 4610 vindemie
1347 4548 1377 4608 in
1403 4547 1531 4629 propria

266 4663 395 4712 vectura
411 4663 475 4712 tres
497 4653 725 4715 tantummodo
758 4655 894 4717 cubulos
918 4656 983 4716 vini
1009 4669 1040 4716 et
1068 4675 1132 4716 non
1159 4655 1230 4738 plus
1254 4668 1285 4717 et
1310 4655 1451 4736 ipsorum
1478 4651 1530 4713 he·

268 4755 360 4817 redes
390 4777 516 4840 semper
540 4757 615 4820 dare
649 4772 679 4822 et
704 4761 938 4822 amministrare
963 4763 1169 4824 tenebuntur.

373 4861 451 4924 ltem
476 4877 542 4925 tota
560 4867 775 4928 communitas
799 4867 962 4948 quandam
979 4869 1107 4930 vineam
1136 4865 1302 4948 hospitalis
1327 4864 1424 4926 nostri
1444 4883 1530 4925 com-

267 4968 373 5028 munis
390 4969 420 5029 in
437 4971 598 5032 territorio
616 4972 752 5034 civitatis
767 4971 850 5035 inter
864 4974 972 5034 vineas
990 4974 1116 5034 Nicolai
1134 4972 1249 5054 judicis
1269 4971 1323 5034 filii
1343 4971 1487 5049 Fabiani,
1512 4990 1529 5031 a

266 5075 494 5154 septemtrione
519 5091 549 5138 et
580 5079 620 5139 ab
656 5078 821 5140 occidente
857 5079 991 5158 habitas,
1023 5099 1059 5140 ac
1091 5079 1172 5140 inter
1206 5079 1332 5141 vineam
1358 5077 1529 5159 Augustini

1430 5187 1439 5227 1
