3840 5810
270 767 368 829 ridice
393 781 509 830 statuta
534 781 564 828 et
596 767 840 850 pfivilegialiter
871 765 1058 830 confirmata
1087 780 1241 850 perpetuo
1273 767 1467 850 possidenda
1502 782 1532 830 et

272 874 580 956 quomodocumque
616 853 755 936 ioluerit
786 873 987 957 disponenda
1018 873 1104 956 juxta
1138 874 1364 938 condicionem
1397 875 1534 936 civitatis

271 993 437 1064 prenotate
461 983 501 1043 ab
526 980 661 1062 antiquo
685 981 907 1063 approbatam.
1553 969 1565 988 ⁹

308 1202 390 1272 Item
418 1201 503 1271 seria
532 1199 639 1272 tercia
667 1197 822 1289 proxima
850 1207 929 1271 ante
957 1200 1080 1270 lestum
1108 1198 1365 1271 Purificacionis
1395 1201 1492 1272 beate

674 1343 805 1412 semper
833 1322 975 1412 virginis
1004 1315 1120 1395 llarie.

669 1473 737 1548 (28.
755 1475 909 1553 januarii,
933 1496 1004 1538 ann.
1030 1478 1137 1555 1444).

372 1619 449 1680 Item
474 1618 630 1680 Nicolaus
646 1617 806 1680 aurifaber
822 1617 907 1680 filius
926 1619 1008 1681 Petri
1039 1618 1164 1701 pridem
1189 1617 1284 1700 judex
1303 1631 1334 1680 et
1358 1619 1436 1680 civis
1453 1619 1530 1680 civi·

269 1723 340 1786 tatis
363 1725 516 1806 predicte,
541 1724 704 1806 quandam
729 1726 857 1786 vineam
882 1744 972 1786 suam
998 1725 1030 1786 in
1064 1723 1225 1786 territorio
1250 1725 1386 1786 civitatis
1410 1724 1531 1807 prefate

268 1829 347 1891 inter
370 1831 480 1892 vineas
504 1851 541 1892 ex
564 1846 699 1913 utraque
724 1844 813 1913 parte
838 1831 920 1893 inter
946 1831 1056 1892 vineas
1085 1831 1260 1892 liberorum
1285 1849 1342 1891 seu
1366 1849 1530 1892 successo·

269 1957 337 1998 rum
363 1938 500 1999 condam
533 1938 662 2000 Thome
695 1937 802 2000 Chonl
835 1935 988 2016 habitam,
1021 1937 1199 2019 desupera
1233 1937 1284 1998 via
1308 1935 1475 1998 communi
1500 1949 1531 1997 et

269 2040 348 2103 infra
374 2063 475 2126 usque
500 2059 642 2106 meatum
667 2064 723 2105 seu
748 2044 917 2105 decursum
944 2062 1027 2124 aque
1060 2042 1212 2124 pluvialis
1236 2062 1269 2103 se
1293 2042 1530 2118 extendentem,

267 2167 337 2209 cum
362 2149 428 2210 suis
452 2150 642 2212 utilitatibus
677 2165 708 2212 et
741 2150 947 2232 pertinenciis
980 2149 1136 2210 universis
1168 2147 1297 2210 Andree
1330 2161 1360 2210 et
1394 2149 1530 2210 Nicolao

266 2251 339 2315 filiis
363 2255 453 2316 Pauli
479 2256 555 2317 dicti
582 2256 716 2338 Bogdan
742 2269 909 2317 eteorum
941 2255 1114 2318 heredibus
1138 2275 1196 2337 pro
1228 2255 1358 2335 triginta
1384 2255 1528 2336 quinque

266 2359 332 2421 flor.
357 2361 424 2422 auri
449 2361 596 2423 vendidit
620 2376 776 2444 perpetuo
794 2361 1022 2444 possidendam
1042 2377 1072 2423 et
1096 2360 1268 2444 superinde
1287 2373 1334 2422 est
1358 2361 1449 2424 litera
1467 2361 1526 2421 sub

266 2466 415 2546 pendenti
440 2467 548 2548 sigillo
573 2468 813 2530 communitatis
838 2468 913 2550 ipsis
938 2481 1095 2532 emanata.

370 2573 447 2636 ltem
466 2573 660 2636 Benedictus
677 2573 761 2635 filius
780 2574 946 2636 Michaelis
964 2575 1142 2636 Sebastiani
1171 2573 1334 2655 quandam
1352 2573 1527 2634 stacionem

265 2702 353 2744 suam
388 2694 557 2759 muratam,
589 2699 662 2742 cum
696 2679 797 2742 fundo
830 2695 861 2743 et
892 2678 1049 2742 hedificiis
1081 2679 1197 2762 ligneis
1224 2693 1288 2742 tam
1320 2693 1405 2740 retro
1430 2698 1526 2760 quam

265 2807 357 2870 supra
382 2787 517 2849 eandem
540 2786 717 2848 stacionem
746 2801 903 2848 muratam
933 2806 1033 2867 usque
1058 2787 1098 2847 ad
1115 2785 1278 2848 stillicidia
1302 2783 1447 2866 undique
1471 2803 1527 2845 seu

265 2894 516 2975 circumquaque
540 2893 678 2971 detecto,
695 2905 839 2975 tempore
858 2892 993 2975 pluviali
1010 2892 1179 2972 stillancia,
1197 2889 1383 2969 hedificatis,
1409 2891 1440 2951 in
1457 2909 1527 2972 pre·

263 2997 324 3061 lata
349 3000 476 3061 civitate
502 3019 600 3081 penes
624 2999 758 3060 domurn
784 3011 942 3060 muratam
964 3011 995 3060 et
1019 2997 1157 3060 fundum
1175 3017 1210 3058 ac
1235 2995 1382 3058 hedificia
1401 2997 1525 3058 domini

264 3103 395 3166 Seboldi
421 3105 542 3188 Mayar,
567 3105 607 3165 ab
632 3123 695 3165 una
720 3117 820 3186 parte,
852 3105 892 3165 ab
924 3105 1023 3164 altera
1055 3121 1130 3164 vero
1155 3116 1243 3184 parte
1276 3101 1358 3162 inter
1389 3100 1525 3162 fundum

264 3225 293 3272 et
316 3211 493 3273 stacionem
516 3209 664 3272 similiter
681 3223 839 3272 muratam
864 3209 1039 3272 liberorum
1058 3209 1194 3272 condam
1217 3208 1342 3270 Nicolai
1367 3207 1406 3268 de
1431 3209 1526 3269 Zom-

265 3317 390 3378 zedwar
415 3316 568 3396 habitam,
592 3335 690 3378 unam
714 3330 861 3378 octavam
886 3317 972 3377 curie
997 3317 1028 3376 in
1062 3335 1096 3377 se
1119 3315 1303 3392 habentem,
1329 3313 1359 3374 in
1385 3314 1526 3394 longitu-

264 3423 338 3484 dine
362 3423 473 3484 decem
499 3437 530 3485 et
552 3435 674 3505 septem
693 3422 820 3484 brachia
845 3421 947 3484 lerrea
969 3423 1000 3484 in
1026 3421 1194 3484 latitudine
1212 3441 1288 3483 vero
1306 3435 1379 3483 octo
1397 3420 1526 3482 brachia

264 3527 364 3591 lerrea
389 3529 429 3591 ad
454 3548 636 3590 mensuram
662 3549 695 3590 se
719 3529 956 3608 extendentem,
975 3547 1047 3590 cum
1071 3527 1136 3590 suis
1153 3527 1360 3610 pertinenciis
1384 3540 1415 3588 et
1440 3527 1525 3588 utili·

262 3635 379 3697 tatibus
402 3635 560 3697 universis
578 3635 767 3698 Sebastiano
786 3634 936 3696 Soldinar
965 3635 1051 3696 dicto
1079 3633 1146 3695 lilio
1160 3633 1274 3694 Radlco
1292 3634 1331 3694 de
1350 3633 1525 3716 Rowysno,

263 3760 320 3822 pro
344 3741 484 3822 quadam
510 3741 609 3804 domo
633 3761 690 3802 sua
716 3753 839 3802 murata
857 3755 887 3802 et
909 3739 1010 3802 lundo
1027 3761 1062 3802 ac
1081 3738 1237 3800 hedificiis
1262 3740 1292 3800 in
1319 3739 1432 3800 eadem
1449 3739 1525 3800 civi·

262 3860 324 3908 tate
349 3847 380 3908 in
406 3847 568 3909 vicinitate
593 3847 720 3926 domus,
746 3847 836 3909 fundi
855 3861 885 3908 et
907 3846 1130 3909 hedificiorum
1149 3847 1291 3908 virorum
1316 3845 1525 3927 providorum

263 3952 423 4015 Valentini
449 3953 650 4034 agricultoris
674 3954 749 4015 dicti
775 3953 962 4036 Graburych
987 3967 1017 4015 et
1042 3953 1206 4014 Benedicti
1232 3952 1393 4034 portulani
1419 3951 1525 4014 habita

263 4072 292 4120 et
316 4059 480 4136 existente,
504 4061 563 4120 tria
588 4060 746 4141 quartalia
771 4061 856 4122 curie
884 4061 965 4121 inse
990 4059 1187 4138 continente,
1205 4073 1235 4120 et
1257 4059 1327 4120 aliis
1351 4058 1416 4119 suis
1440 4058 1526 4119 utili-

263 4165 381 4226 tatibus
405 4179 436 4227 et
462 4165 669 4247 pertinenciis
703 4166 869 4244 universis,
901 4187 937 4227 ac
969 4185 1027 4247 pro
1056 4165 1277 4226 additamento
1309 4164 1423 4244 viginti
1456 4162 1525 4225 flor.

264 4273 331 4332 auri
355 4291 411 4354 per
436 4272 540 4353 ipsum
566 4271 789 4334 Sebastianum
817 4273 968 4334 Soldinar
992 4271 1116 4354 prelato
1146 4272 1321 4333 benedicto
1346 4270 1440 4352 plene
1457 4289 1526 4351 pet-

264 4378 379 4456 soluto,
405 4398 461 4460 per
485 4378 620 4440 modum
657 4379 909 4460 permutationis
940 4379 1079 4440 dedisset
1111 4393 1266 4461 perpetuo
1300 4375 1526 4458 possidendam

265 4498 295 4546 et
318 4484 488 4566 superinde
515 4497 561 4546 est
584 4485 677 4546 litera
701 4487 760 4546 sub
785 4485 938 4566 pendenti
963 4485 1071 4565 sigillo
1097 4483 1336 4546 communitatis
1369 4495 1525 4543 emanata.

369 4589 446 4651 ltem
473 4589 598 4652 Blasius
622 4589 706 4651 filius
731 4591 885 4652 Demetrii
910 4591 949 4651 de
968 4591 1056 4652 Odra
1082 4591 1113 4651 in
1139 4611 1194 4651 sua
1219 4605 1249 4650 et
1275 4587 1414 4670 Mathye,
1447 4585 1527 4648 Gre-

266 4697 357 4776 gorii,
384 4697 469 4759 Luce
494 4710 525 4759 et
542 4697 638 4758 blasii
657 4696 797 4759 liliorum
817 4718 852 4759 ac
869 4698 993 4779 Agathe
1011 4711 1041 4758 et
1060 4697 1220 4758 Dorothee
1238 4695 1375 4756 filiarum
1394 4693 1526 4774 Georgii

266 4799 366 4864 fratris
390 4804 437 4864 sui
464 4803 623 4866 dictorum
650 4803 867 4882 berbechichi,
893 4804 1055 4886 quandam
1090 4805 1223 4866 domum
1249 4819 1360 4862 eorum
1385 4801 1525 4881 ligneam

266 4928 336 4970 cum
361 4909 461 4971 fundo
486 4925 517 4971 et
541 4911 658 4972 celario
682 4913 889 4973 subterraneo
914 4932 949 4973 ac
968 4909 1124 4973 hedificiis
1142 4911 1174 4972 in
1199 4909 1283 4971 dicta
1302 4908 1429 4971 civitate
1447 4908 1527 4969 inter

269 5014 397 5076 domum
423 5016 547 5078 Nicolai
573 5018 702 5078 sartoris
739 5017 795 5078 lilii
830 5019 912 5078 lwan
948 5038 983 5078 ac
1008 5017 1129 5098 plateas
1161 5035 1349 5077 communes
1374 5014 1527 5092 habitam,

1405 5125 1421 5184 3
