<?xml version="1.0" encoding="UTF-8"?>
<!DOCTYPE html PUBLIC "-//W3C//DTD XHTML 1.0 Transitional//EN"
    "http://www.w3.org/TR/xhtml1/DTD/xhtml1-transitional.dtd">
<html xmlns="http://www.w3.org/1999/xhtml" xml:lang="en" lang="en">
 <head>
  <title>
</title>
<meta http-equiv="Content-Type" content="text/html;charset=utf-8" />
  <meta name='ocr-system' content='tesseract 3.04.00' />
  <meta name='ocr-capabilities' content='ocr_page ocr_carea ocr_par ocr_line ocrx_word'/>
</head>
<body>
  <div class='ocr_page' id='page_1' title='image "./monumentahistor21laszgoog_0142.png"; bbox 0 0 3816 5802; ppageno 0'>
   <div class='ocr_carea' id='block_1_1' title="bbox 381 526 1652 5070">
    <p class='ocr_par' dir='ltr' id='par_1_1' title="bbox 386 526 1650 1229">
     <span class='ocr_line' id='line_1_1' title="bbox 388 526 1114 612; baseline -0.001 -22"><span class='ocrx_word' id='word_1_1' title='bbox 388 531 428 612; x_wconf 84' lang='lat'>98</span> <span class='ocrx_word' id='word_1_2' title='bbox 908 529 996 589; x_wconf 80' lang='lat' dir='ltr'>Anno</span> <span class='ocrx_word' id='word_1_3' title='bbox 1018 526 1114 608; x_wconf 79' lang='lat'><em>1448.</em></span> 
     </span>
     <span class='ocr_line' id='line_1_2' title="bbox 387 738 1650 823; baseline -0.002 -21"><span class='ocrx_word' id='word_1_4' title='bbox 387 741 427 803; x_wconf 90' lang='lat' dir='ltr'>ad</span> <span class='ocrx_word' id='word_1_5' title='bbox 453 759 545 802; x_wconf 93' lang='lat' dir='ltr'>usum</span> <span class='ocrx_word' id='word_1_6' title='bbox 571 741 708 804; x_wconf 87' lang='lat' dir='ltr'>civitatis</span> <span class='ocrx_word' id='word_1_7' title='bbox 732 739 854 823; x_wconf 83' lang='lat' dir='ltr'>prefate</span> <span class='ocrx_word' id='word_1_8' title='bbox 872 740 905 802; x_wconf 92' lang='lat' dir='ltr'>in</span> <span class='ocrx_word' id='word_1_9' title='bbox 930 760 963 802; x_wconf 92' lang='lat' dir='ltr'>se</span> <span class='ocrx_word' id='word_1_10' title='bbox 991 741 1221 818; x_wconf 90' lang='lat' dir='ltr'>coutinentem,</span> <span class='ocrx_word' id='word_1_11' title='bbox 1240 739 1404 802; x_wconf 86' lang='lat' dir='ltr'>Demetrio</span> <span class='ocrx_word' id='word_1_12' title='bbox 1428 740 1566 803; x_wconf 88' lang='lat' dir='ltr'>institori</span> <span class='ocrx_word' id='word_1_13' title='bbox 1582 738 1650 801; x_wconf 86' lang='lat' dir='ltr'>lilio</span> 
     </span>
     <span class='ocr_line' id='line_1_3' title="bbox 388 845 1650 930; baseline -0.001 -21"><span class='ocrx_word' id='word_1_14' title='bbox 388 847 508 909; x_wconf 92' lang='lat' dir='ltr'>Vrbani</span> <span class='ocrx_word' id='word_1_15' title='bbox 532 847 647 909; x_wconf 90' lang='lat' dir='ltr'>desub</span> <span class='ocrx_word' id='word_1_16' title='bbox 666 847 876 909; x_wconf 81' lang='lat' dir='ltr'>Zomzedtvar</span> <span class='ocrx_word' id='word_1_17' title='bbox 904 862 938 908; x_wconf 88' lang='lat' dir='ltr'>ut</span> <span class='ocrx_word' id='word_1_18' title='bbox 960 846 1022 928; x_wconf 86' lang='lat' dir='ltr'>jam</span> <span class='ocrx_word' id='word_1_19' title='bbox 1049 866 1134 908; x_wconf 93' lang='lat' dir='ltr'>novo</span> <span class='ocrx_word' id='word_1_20' title='bbox 1152 848 1276 908; x_wconf 89' lang='lat' dir='ltr'>concivi</span> <span class='ocrx_word' id='word_1_21' title='bbox 1295 860 1403 910; x_wconf 83' lang='lat' dir='ltr'>nostro</span> <span class='ocrx_word' id='word_1_22' title='bbox 1428 865 1486 930; x_wconf 96' lang='lat' dir='ltr'>pro</span> <span class='ocrx_word' id='word_1_23' title='bbox 1510 845 1650 908; x_wconf 82' lang='lat' dir='ltr'>sedecim</span> 
     </span>
     <span class='ocr_line' id='line_1_4' title="bbox 387 953 1650 1036; baseline -0.002 -20"><span class='ocrx_word' id='word_1_24' title='bbox 387 953 457 1016; x_wconf 90' lang='lat' dir='ltr'>flor.</span> <span class='ocrx_word' id='word_1_25' title='bbox 481 953 550 1014; x_wconf 82' lang='lat' dir='ltr'>auri</span> <span class='ocrx_word' id='word_1_26' title='bbox 583 953 731 1016; x_wconf 88' lang='lat' dir='ltr'>vendidit</span> <span class='ocrx_word' id='word_1_27' title='bbox 761 967 918 1036; x_wconf 90' lang='lat' dir='ltr'>perpetuo</span> <span class='ocrx_word' id='word_1_28' title='bbox 950 953 1178 1036; x_wconf 81' lang='lat' dir='ltr'>possidendam</span> <span class='ocrx_word' id='word_1_29' title='bbox 1211 973 1249 1015; x_wconf 83' lang='lat' dir='ltr'>ex</span> <span class='ocrx_word' id='word_1_30' title='bbox 1281 969 1439 1016; x_wconf 86' lang='lat' dir='ltr'>consensu</span> <span class='ocrx_word' id='word_1_31' title='bbox 1470 953 1650 1015; x_wconf 88' lang='lat' dir='ltr'>vicinorum</span> 
     </span>
     <span class='ocr_line' id='line_1_5' title="bbox 386 1059 1649 1143; baseline -0.002 -21"><span class='ocrx_word' id='word_1_32' title='bbox 386 1059 603 1142; x_wconf 90' lang='lat' dir='ltr'>predictorum</span> <span class='ocrx_word' id='word_1_33' title='bbox 630 1073 661 1122; x_wconf 93' lang='lat' dir='ltr'>et</span> <span class='ocrx_word' id='word_1_34' title='bbox 684 1059 856 1143; x_wconf 83' lang='lat' dir='ltr'>superinde</span> <span class='ocrx_word' id='word_1_35' title='bbox 881 1073 929 1123; x_wconf 88' lang='lat' dir='ltr'>est</span> <span class='ocrx_word' id='word_1_36' title='bbox 951 1060 1044 1122; x_wconf 90' lang='lat' dir='ltr'>litera</span> <span class='ocrx_word' id='word_1_37' title='bbox 1068 1062 1128 1122; x_wconf 93' lang='lat' dir='ltr'>sub</span> <span class='ocrx_word' id='word_1_38' title='bbox 1159 1059 1311 1142; x_wconf 87' lang='lat' dir='ltr'>pendenti</span> <span class='ocrx_word' id='word_1_39' title='bbox 1336 1059 1443 1142; x_wconf 88' lang='lat' dir='ltr'>sigillo</span> <span class='ocrx_word' id='word_1_40' title='bbox 1468 1059 1649 1122; x_wconf 88' lang='lat' dir='ltr'>communi·</span> 
     </span>
     <span class='ocr_line' id='line_1_6' title="bbox 387 1167 646 1229; baseline 0 -1"><span class='ocrx_word' id='word_1_41' title='bbox 387 1167 460 1228; x_wconf 91' lang='lat' dir='ltr'>tatis</span> <span class='ocrx_word' id='word_1_42' title='bbox 487 1179 646 1229; x_wconf 90' lang='lat' dir='ltr'>emanata.</span> 
     </span>
    </p>

    <p class='ocr_par' dir='ltr' id='par_1_2' title="bbox 382 1271 1652 2422">
     <span class='ocr_line' id='line_1_7' title="bbox 493 1271 1650 1356; baseline 0 -22"><span class='ocrx_word' id='word_1_43' title='bbox 493 1273 570 1334; x_wconf 90' lang='lat' dir='ltr'>ltem</span> <span class='ocrx_word' id='word_1_44' title='bbox 603 1271 794 1335; x_wconf 83' lang='lat' dir='ltr'>Valentinus</span> <span class='ocrx_word' id='word_1_45' title='bbox 824 1272 920 1354; x_wconf 86' lang='lat' dir='ltr'>judex</span> <span class='ocrx_word' id='word_1_46' title='bbox 951 1271 1037 1335; x_wconf 87' lang='lat' dir='ltr'>filius</span> <span class='ocrx_word' id='word_1_47' title='bbox 1072 1271 1240 1334; x_wconf 82' lang='lat' dir='ltr'>Michaelis</span> <span class='ocrx_word' id='word_1_48' title='bbox 1267 1271 1343 1334; x_wconf 88' lang='lat' dir='ltr'>dicti</span> <span class='ocrx_word' id='word_1_49' title='bbox 1376 1272 1541 1356; x_wconf 85' lang='lat' dir='ltr'>Saronych</span> <span class='ocrx_word' id='word_1_50' title='bbox 1564 1291 1650 1334; x_wconf 87' lang='lat' dir='ltr'>com·</span> 
     </span>
     <span class='ocr_line' id='line_1_8' title="bbox 386 1378 1652 1462; baseline 0 -22"><span class='ocrx_word' id='word_1_51' title='bbox 386 1379 550 1441; x_wconf 88' lang='lat' dir='ltr'>missarius</span> <span class='ocrx_word' id='word_1_52' title='bbox 573 1380 687 1442; x_wconf 84' lang='lat' dir='ltr'>unicus</span> <span class='ocrx_word' id='word_1_53' title='bbox 718 1379 899 1442; x_wconf 81' lang='lat' dir='ltr'>testamenti</span> <span class='ocrx_word' id='word_1_54' title='bbox 931 1380 1039 1461; x_wconf 89' lang='lat' dir='ltr'>scripti</span> <span class='ocrx_word' id='word_1_55' title='bbox 1072 1379 1210 1440; x_wconf 84' lang='lat' dir='ltr'>Emerici</span> <span class='ocrx_word' id='word_1_56' title='bbox 1243 1378 1359 1442; x_wconf 91' lang='lat' dir='ltr'>sutoris</span> <span class='ocrx_word' id='word_1_57' title='bbox 1388 1378 1466 1441; x_wconf 91' lang='lat' dir='ltr'>olim</span> <span class='ocrx_word' id='word_1_58' title='bbox 1501 1379 1595 1462; x_wconf 80' lang='lat' dir='ltr'>jurati</span> <span class='ocrx_word' id='word_1_59' title='bbox 1620 1392 1652 1441; x_wconf 91' lang='lat' dir='ltr'>et</span> 
     </span>
     <span class='ocr_line' id='line_1_9' title="bbox 385 1483 1652 1568; baseline -0.001 -21"><span class='ocrx_word' id='word_1_60' title='bbox 385 1485 527 1548; x_wconf 85' lang='lat' dir='ltr'>concivis</span> <span class='ocrx_word' id='word_1_61' title='bbox 548 1485 648 1547; x_wconf 89' lang='lat' dir='ltr'>nostri</span> <span class='ocrx_word' id='word_1_62' title='bbox 665 1483 721 1547; x_wconf 89' lang='lat' dir='ltr'>lilii</span> <span class='ocrx_word' id='word_1_63' title='bbox 732 1485 870 1565; x_wconf 86' lang='lat' dir='ltr'>Nicolai,</span> <span class='ocrx_word' id='word_1_64' title='bbox 887 1485 1048 1568; x_wconf 91' lang='lat' dir='ltr'>quandam</span> <span class='ocrx_word' id='word_1_65' title='bbox 1067 1485 1255 1568; x_wconf 84' lang='lat' dir='ltr'>porcionem</span> <span class='ocrx_word' id='word_1_66' title='bbox 1269 1485 1434 1548; x_wconf 90' lang='lat' dir='ltr'>cuiusdam</span> <span class='ocrx_word' id='word_1_67' title='bbox 1448 1485 1541 1548; x_wconf 84' lang='lat' dir='ltr'>vinee</span> <span class='ocrx_word' id='word_1_68' title='bbox 1552 1485 1652 1566; x_wconf 88' lang='lat' dir='ltr'>ipsius</span> 
     </span>
     <span class='ocr_line' id='line_1_10' title="bbox 385 1591 1649 1674; baseline -0.001 -20"><span class='ocrx_word' id='word_1_69' title='bbox 385 1593 522 1654; x_wconf 85' lang='lat' dir='ltr'>condam</span> <span class='ocrx_word' id='word_1_70' title='bbox 548 1591 686 1654; x_wconf 89' lang='lat' dir='ltr'>Emerici</span> <span class='ocrx_word' id='word_1_71' title='bbox 711 1592 839 1653; x_wconf 88' lang='lat' dir='ltr'>sartoris</span> <span class='ocrx_word' id='word_1_72' title='bbox 863 1592 895 1652; x_wconf 92' lang='lat' dir='ltr'>in</span> <span class='ocrx_word' id='word_1_73' title='bbox 927 1592 1087 1654; x_wconf 91' lang='lat' dir='ltr'>territorio</span> <span class='ocrx_word' id='word_1_74' title='bbox 1105 1607 1213 1654; x_wconf 89' lang='lat' dir='ltr'>nostro</span> <span class='ocrx_word' id='word_1_75' title='bbox 1242 1592 1324 1654; x_wconf 90' lang='lat' dir='ltr'>inter</span> <span class='ocrx_word' id='word_1_76' title='bbox 1340 1591 1498 1653; x_wconf 89' lang='lat' dir='ltr'>minorem</span> <span class='ocrx_word' id='word_1_77' title='bbox 1524 1606 1649 1674; x_wconf 84' lang='lat' dir='ltr'>partem</span> 
     </span>
     <span class='ocr_line' id='line_1_11' title="bbox 385 1698 1634 1782; baseline -0.001 -21"><span class='ocrx_word' id='word_1_78' title='bbox 385 1698 529 1762; x_wconf 88' lang='lat' dir='ltr'>eiusdem</span> <span class='ocrx_word' id='word_1_79' title='bbox 555 1699 647 1760; x_wconf 89' lang='lat' dir='ltr'>vinee</span> <span class='ocrx_word' id='word_1_80' title='bbox 671 1719 727 1760; x_wconf 91' lang='lat' dir='ltr'>seu</span> <span class='ocrx_word' id='word_1_81' title='bbox 752 1699 835 1760; x_wconf 90' lang='lat' dir='ltr'>inter</span> <span class='ocrx_word' id='word_1_82' title='bbox 850 1699 983 1762; x_wconf 84' lang='lat' dir='ltr'>terciam</span> <span class='ocrx_word' id='word_1_83' title='bbox 1008 1713 1131 1780; x_wconf 89' lang='lat' dir='ltr'>partem</span> <span class='ocrx_word' id='word_1_84' title='bbox 1149 1700 1248 1782; x_wconf 91' lang='lat' dir='ltr'>ipsius</span> <span class='ocrx_word' id='word_1_85' title='bbox 1272 1700 1365 1760; x_wconf 89' lang='lat' dir='ltr'>vinee</span> <span class='ocrx_word' id='word_1_86' title='bbox 1389 1699 1534 1761; x_wconf 89' lang='lat' dir='ltr'>eiusdem</span> <span class='ocrx_word' id='word_1_87' title='bbox 1553 1699 1634 1760; x_wconf 89' lang='lat' dir='ltr'>Eme</span> 
     </span>
     <span class='ocr_line' id='line_1_12' title="bbox 383 1805 1651 1889; baseline -0.002 -21"><span class='ocrx_word' id='word_1_88' title='bbox 383 1808 440 1868; x_wconf 89' lang='lat' dir='ltr'>rici</span> <span class='ocrx_word' id='word_1_89' title='bbox 458 1806 564 1889; x_wconf 88' lang='lat' dir='ltr'>jurati,</span> <span class='ocrx_word' id='word_1_90' title='bbox 579 1807 661 1868; x_wconf 91' lang='lat' dir='ltr'>inter</span> <span class='ocrx_word' id='word_1_91' title='bbox 677 1805 865 1888; x_wconf 90' lang='lat' dir='ltr'>porcionem</span> <span class='ocrx_word' id='word_1_92' title='bbox 884 1806 1006 1868; x_wconf 89' lang='lat' dir='ltr'>scilicet</span> <span class='ocrx_word' id='word_1_93' title='bbox 1023 1807 1184 1869; x_wconf 87' lang='lat' dir='ltr'>vinealem</span> <span class='ocrx_word' id='word_1_94' title='bbox 1202 1807 1337 1889; x_wconf 90' lang='lat' dir='ltr'>provide</span> <span class='ocrx_word' id='word_1_95' title='bbox 1354 1806 1499 1868; x_wconf 89' lang='lat' dir='ltr'>mulieris</span> <span class='ocrx_word' id='word_1_96' title='bbox 1517 1807 1651 1887; x_wconf 81' lang='lat' dir='ltr'>Agnetis</span> 
     </span>
     <span class='ocr_line' id='line_1_13' title="bbox 384 1911 1649 1996; baseline -0.002 -20"><span class='ocrx_word' id='word_1_97' title='bbox 384 1914 494 1976; x_wconf 89' lang='lat' dir='ltr'>relicte</span> <span class='ocrx_word' id='word_1_98' title='bbox 519 1913 664 1976; x_wconf 88' lang='lat' dir='ltr'>eiusdem</span> <span class='ocrx_word' id='word_1_99' title='bbox 689 1912 829 1974; x_wconf 89' lang='lat' dir='ltr'>Emerici</span> <span class='ocrx_word' id='word_1_100' title='bbox 860 1911 966 1994; x_wconf 86' lang='lat' dir='ltr'>jurati,</span> <span class='ocrx_word' id='word_1_101' title='bbox 999 1933 1016 1975; x_wconf 90' lang='lat' dir='ltr'>a</span> <span class='ocrx_word' id='word_1_102' title='bbox 1050 1927 1139 1996; x_wconf 91' lang='lat' dir='ltr'>parte</span> <span class='ocrx_word' id='word_1_103' title='bbox 1163 1912 1378 1991; x_wconf 87' lang='lat' dir='ltr'>meridionali,</span> <span class='ocrx_word' id='word_1_104' title='bbox 1408 1913 1467 1975; x_wconf 87' lang='lat' dir='ltr'>sub</span> <span class='ocrx_word' id='word_1_105' title='bbox 1500 1913 1593 1974; x_wconf 90' lang='lat' dir='ltr'>metis</span> <span class='ocrx_word' id='word_1_106' title='bbox 1618 1913 1649 1974; x_wconf 90' lang='lat' dir='ltr'>in</span> 
     </span>
     <span class='ocr_line' id='line_1_14' title="bbox 385 2019 1650 2103; baseline -0.001 -21"><span class='ocrx_word' id='word_1_107' title='bbox 385 2021 476 2082; x_wconf 89' lang='lat' dir='ltr'>litera</span> <span class='ocrx_word' id='word_1_108' title='bbox 501 2020 700 2103; x_wconf 83' lang='lat' dir='ltr'>expressatis,</span> <span class='ocrx_word' id='word_1_109' title='bbox 733 2019 871 2102; x_wconf 93' lang='lat' dir='ltr'>provido</span> <span class='ocrx_word' id='word_1_110' title='bbox 895 2019 966 2081; x_wconf 91' lang='lat' dir='ltr'>viro</span> <span class='ocrx_word' id='word_1_111' title='bbox 998 2019 1165 2082; x_wconf 89' lang='lat' dir='ltr'>Demetrio</span> <span class='ocrx_word' id='word_1_112' title='bbox 1196 2019 1300 2101; x_wconf 90' lang='lat' dir='ltr'>jurato</span> <span class='ocrx_word' id='word_1_113' title='bbox 1333 2032 1441 2082; x_wconf 90' lang='lat' dir='ltr'>nostro</span> <span class='ocrx_word' id='word_1_114' title='bbox 1466 2019 1650 2102; x_wconf 89' lang='lat' dir='ltr'>supradicto</span> 
     </span>
     <span class='ocr_line' id='line_1_15' title="bbox 387 2125 1650 2209; baseline -0.002 -21"><span class='ocrx_word' id='word_1_115' title='bbox 387 2126 455 2189; x_wconf 91' lang='lat' dir='ltr'>filio</span> <span class='ocrx_word' id='word_1_116' title='bbox 480 2126 600 2189; x_wconf 89' lang='lat' dir='ltr'>Vrbani</span> <span class='ocrx_word' id='word_1_117' title='bbox 625 2145 684 2209; x_wconf 95' lang='lat' dir='ltr'>pro</span> <span class='ocrx_word' id='word_1_118' title='bbox 708 2127 822 2207; x_wconf 89' lang='lat' dir='ltr'>viginti</span> <span class='ocrx_word' id='word_1_119' title='bbox 847 2125 915 2189; x_wconf 90' lang='lat' dir='ltr'>flor.</span> <span class='ocrx_word' id='word_1_120' title='bbox 949 2126 1016 2188; x_wconf 89' lang='lat' dir='ltr'>auri</span> <span class='ocrx_word' id='word_1_121' title='bbox 1046 2127 1233 2188; x_wconf 90' lang='lat' dir='ltr'>auctoritate</span> <span class='ocrx_word' id='word_1_122' title='bbox 1266 2126 1487 2188; x_wconf 89' lang='lat' dir='ltr'>commissaria</span> <span class='ocrx_word' id='word_1_123' title='bbox 1512 2146 1548 2187; x_wconf 86' lang='lat' dir='ltr'>ex</span> <span class='ocrx_word' id='word_1_124' title='bbox 1573 2146 1650 2189; x_wconf 90' lang='lat' dir='ltr'>con-</span> 
     </span>
     <span class='ocr_line' id='line_1_16' title="bbox 385 2232 1652 2316; baseline 0 -22"><span class='ocrx_word' id='word_1_125' title='bbox 385 2253 481 2294; x_wconf 88' lang='lat' dir='ltr'>sensu</span> <span class='ocrx_word' id='word_1_126' title='bbox 512 2232 692 2294; x_wconf 90' lang='lat' dir='ltr'>vicinorum</span> <span class='ocrx_word' id='word_1_127' title='bbox 724 2232 941 2316; x_wconf 89' lang='lat' dir='ltr'>predictorum</span> <span class='ocrx_word' id='word_1_128' title='bbox 983 2232 1129 2294; x_wconf 89' lang='lat' dir='ltr'>vendidit</span> <span class='ocrx_word' id='word_1_129' title='bbox 1163 2245 1319 2315; x_wconf 87' lang='lat' dir='ltr'>perpetuo</span> <span class='ocrx_word' id='word_1_130' title='bbox 1358 2232 1586 2314; x_wconf 86' lang='lat' dir='ltr'>possidendam</span> <span class='ocrx_word' id='word_1_131' title='bbox 1620 2245 1652 2294; x_wconf 89' lang='lat' dir='ltr'>et</span> 
     </span>
     <span class='ocr_line' id='line_1_17' title="bbox 382 2337 1651 2422; baseline 0 -22"><span class='ocrx_word' id='word_1_132' title='bbox 382 2337 555 2422; x_wconf 88' lang='lat' dir='ltr'>superinde</span> <span class='ocrx_word' id='word_1_133' title='bbox 580 2353 626 2400; x_wconf 89' lang='lat' dir='ltr'>est</span> <span class='ocrx_word' id='word_1_134' title='bbox 650 2339 710 2398; x_wconf 91' lang='lat' dir='ltr'>sibi</span> <span class='ocrx_word' id='word_1_135' title='bbox 735 2339 826 2400; x_wconf 92' lang='lat' dir='ltr'>litera</span> <span class='ocrx_word' id='word_1_136' title='bbox 850 2339 910 2400; x_wconf 90' lang='lat' dir='ltr'>sub</span> <span class='ocrx_word' id='word_1_137' title='bbox 935 2338 1088 2420; x_wconf 90' lang='lat' dir='ltr'>pendenti</span> <span class='ocrx_word' id='word_1_138' title='bbox 1106 2338 1214 2419; x_wconf 89' lang='lat' dir='ltr'>sigillo</span> <span class='ocrx_word' id='word_1_139' title='bbox 1231 2339 1474 2401; x_wconf 85' lang='lat' dir='ltr'>communitatis</span> <span class='ocrx_word' id='word_1_140' title='bbox 1491 2353 1651 2400; x_wconf 88' lang='lat' dir='ltr'>emanata.</span> 
     </span>
    </p>

    <p class='ocr_par' dir='ltr' id='par_1_3' title="bbox 381 2443 1650 4006">
     <span class='ocr_line' id='line_1_18' title="bbox 489 2443 1649 2528; baseline 0.001 -22"><span class='ocrx_word' id='word_1_141' title='bbox 489 2445 566 2506; x_wconf 87' lang='lat' dir='ltr'>ltem</span> <span class='ocrx_word' id='word_1_142' title='bbox 587 2444 794 2506; x_wconf 89' lang='lat' dir='ltr'>Sebastianus</span> <span class='ocrx_word' id='word_1_143' title='bbox 812 2445 964 2506; x_wconf 89' lang='lat' dir='ltr'>Soldinar</span> <span class='ocrx_word' id='word_1_144' title='bbox 983 2443 1068 2508; x_wconf 90' lang='lat' dir='ltr'>filius</span> <span class='ocrx_word' id='word_1_145' title='bbox 1085 2445 1250 2506; x_wconf 85' lang='lat' dir='ltr'>Radkonis</span> <span class='ocrx_word' id='word_1_146' title='bbox 1276 2445 1315 2506; x_wconf 91' lang='lat' dir='ltr'>de</span> <span class='ocrx_word' id='word_1_147' title='bbox 1340 2446 1506 2528; x_wconf 88' lang='lat' dir='ltr'>Rowysno</span> <span class='ocrx_word' id='word_1_148' title='bbox 1531 2459 1561 2507; x_wconf 89' lang='lat' dir='ltr'>et</span> <span class='ocrx_word' id='word_1_149' title='bbox 1585 2446 1649 2507; x_wconf 84' lang='lat' dir='ltr'>Ka-</span> 
     </span>
     <span class='ocr_line' id='line_1_19' title="bbox 383 2550 1648 2632; baseline 0 -19"><span class='ocrx_word' id='word_1_150' title='bbox 383 2551 507 2614; x_wconf 91' lang='lat' dir='ltr'>therina</span> <span class='ocrx_word' id='word_1_151' title='bbox 522 2550 631 2612; x_wconf 88' lang='lat' dir='ltr'>relicta</span> <span class='ocrx_word' id='word_1_152' title='bbox 649 2550 786 2612; x_wconf 85' lang='lat' dir='ltr'>condam</span> <span class='ocrx_word' id='word_1_153' title='bbox 801 2550 967 2612; x_wconf 90' lang='lat' dir='ltr'>Michaelis</span> <span class='ocrx_word' id='word_1_154' title='bbox 984 2551 1121 2613; x_wconf 90' lang='lat' dir='ltr'>condam</span> <span class='ocrx_word' id='word_1_155' title='bbox 1139 2552 1282 2613; x_wconf 88' lang='lat' dir='ltr'>concivis</span> <span class='ocrx_word' id='word_1_156' title='bbox 1307 2553 1418 2632; x_wconf 88' lang='lat' dir='ltr'>nostri,</span> <span class='ocrx_word' id='word_1_157' title='bbox 1437 2571 1522 2614; x_wconf 90' lang='lat' dir='ltr'>nunc</span> <span class='ocrx_word' id='word_1_158' title='bbox 1538 2568 1648 2614; x_wconf 86' lang='lat' dir='ltr'>autern</span> 
     </span>
     <span class='ocr_line' id='line_1_20' title="bbox 382 2656 1648 2741; baseline 0.002 -23"><span class='ocrx_word' id='word_1_159' title='bbox 382 2677 513 2718; x_wconf 89' lang='lat' dir='ltr'>consors</span> <span class='ocrx_word' id='word_1_160' title='bbox 545 2656 702 2738; x_wconf 87' lang='lat' dir='ltr'>legittima</span> <span class='ocrx_word' id='word_1_161' title='bbox 734 2657 879 2718; x_wconf 87' lang='lat' dir='ltr'>eiusdem</span> <span class='ocrx_word' id='word_1_162' title='bbox 912 2657 1091 2720; x_wconf 90' lang='lat' dir='ltr'>Sebastiani</span> <span class='ocrx_word' id='word_1_163' title='bbox 1124 2658 1292 2736; x_wconf 88' lang='lat' dir='ltr'>Soldinar,</span> <span class='ocrx_word' id='word_1_164' title='bbox 1325 2659 1489 2741; x_wconf 89' lang='lat' dir='ltr'>quandam</span> <span class='ocrx_word' id='word_1_165' title='bbox 1514 2660 1648 2722; x_wconf 92' lang='lat' dir='ltr'>domum</span> 
     </span>
     <span class='ocr_line' id='line_1_21' title="bbox 383 2762 1648 2828; baseline 0.003 -4"><span class='ocrx_word' id='word_1_166' title='bbox 383 2783 495 2826; x_wconf 91' lang='lat' dir='ltr'>eorum</span> <span class='ocrx_word' id='word_1_167' title='bbox 520 2763 617 2824; x_wconf 90' lang='lat' dir='ltr'>simul</span> <span class='ocrx_word' id='word_1_168' title='bbox 642 2781 714 2824; x_wconf 92' lang='lat' dir='ltr'>curn</span> <span class='ocrx_word' id='word_1_169' title='bbox 741 2762 842 2825; x_wconf 84' lang='lat' dir='ltr'>londo</span> <span class='ocrx_word' id='word_1_170' title='bbox 868 2776 899 2825; x_wconf 89' lang='lat' dir='ltr'>et</span> <span class='ocrx_word' id='word_1_171' title='bbox 923 2763 1079 2826; x_wconf 88' lang='lat' dir='ltr'>hedificiis</span> <span class='ocrx_word' id='word_1_172' title='bbox 1105 2765 1238 2826; x_wconf 91' lang='lat' dir='ltr'>indicta</span> <span class='ocrx_word' id='word_1_173' title='bbox 1263 2765 1390 2828; x_wconf 90' lang='lat' dir='ltr'>civitate</span> <span class='ocrx_word' id='word_1_174' title='bbox 1415 2765 1497 2828; x_wconf 92' lang='lat' dir='ltr'>inter</span> <span class='ocrx_word' id='word_1_175' title='bbox 1514 2767 1648 2828; x_wconf 92' lang='lat' dir='ltr'>domum</span> 
     </span>
     <span class='ocr_line' id='line_1_22' title="bbox 382 2866 1649 2956; baseline 0.002 -26"><span class='ocrx_word' id='word_1_176' title='bbox 382 2883 539 2932; x_wconf 90' lang='lat' dir='ltr'>muratam</span> <span class='ocrx_word' id='word_1_177' title='bbox 565 2884 596 2931; x_wconf 88' lang='lat' dir='ltr'>et</span> <span class='ocrx_word' id='word_1_178' title='bbox 619 2866 758 2931; x_wconf 83' lang='lat' dir='ltr'>fundum</span> <span class='ocrx_word' id='word_1_179' title='bbox 781 2889 817 2930; x_wconf 90' lang='lat' dir='ltr'>ac</span> <span class='ocrx_word' id='word_1_180' title='bbox 842 2869 990 2932; x_wconf 87' lang='lat' dir='ltr'>hedificia</span> <span class='ocrx_word' id='word_1_181' title='bbox 1017 2871 1106 2932; x_wconf 89' lang='lat' dir='ltr'>Pauli</span> <span class='ocrx_word' id='word_1_182' title='bbox 1125 2871 1282 2933; x_wconf 88' lang='lat' dir='ltr'>sellatoris</span> <span class='ocrx_word' id='word_1_183' title='bbox 1300 2887 1330 2934; x_wconf 88' lang='lat' dir='ltr'>et</span> <span class='ocrx_word' id='word_1_184' title='bbox 1354 2873 1453 2934; x_wconf 87' lang='lat' dir='ltr'>Blasii</span> <span class='ocrx_word' id='word_1_185' title='bbox 1477 2872 1649 2956; x_wconf 87' lang='lat' dir='ltr'>lreniparis</span> 
     </span>
     <span class='ocr_line' id='line_1_23' title="bbox 381 2977 1647 3062; baseline 0.003 -24"><span class='ocrx_word' id='word_1_186' title='bbox 381 2977 489 3058; x_wconf 87' lang='lat' dir='ltr'>generi</span> <span class='ocrx_word' id='word_1_187' title='bbox 517 2977 577 3054; x_wconf 90' lang='lat' dir='ltr'>sui,</span> <span class='ocrx_word' id='word_1_188' title='bbox 602 2979 641 3038; x_wconf 89' lang='lat' dir='ltr'>ab</span> <span class='ocrx_word' id='word_1_189' title='bbox 668 2997 729 3038; x_wconf 86' lang='lat' dir='ltr'>una</span> <span class='ocrx_word' id='word_1_190' title='bbox 746 2991 846 3059; x_wconf 89' lang='lat' dir='ltr'>parte,</span> <span class='ocrx_word' id='word_1_191' title='bbox 871 2980 911 3039; x_wconf 90' lang='lat' dir='ltr'>ab</span> <span class='ocrx_word' id='word_1_192' title='bbox 928 2979 1026 3040; x_wconf 90' lang='lat' dir='ltr'>altera</span> <span class='ocrx_word' id='word_1_193' title='bbox 1044 2999 1120 3040; x_wconf 90' lang='lat' dir='ltr'>vero</span> <span class='ocrx_word' id='word_1_194' title='bbox 1139 2993 1228 3062; x_wconf 85' lang='lat' dir='ltr'>parte</span> <span class='ocrx_word' id='word_1_195' title='bbox 1251 2979 1332 3041; x_wconf 86' lang='lat' dir='ltr'>inter</span> <span class='ocrx_word' id='word_1_196' title='bbox 1350 2979 1484 3044; x_wconf 90' lang='lat' dir='ltr'>domum</span> <span class='ocrx_word' id='word_1_197' title='bbox 1506 2980 1647 3062; x_wconf 84' lang='lat' dir='ltr'>ligneam</span> 
     </span>
     <span class='ocr_line' id='line_1_24' title="bbox 385 3081 1650 3165; baseline 0.002 -21"><span class='ocrx_word' id='word_1_198' title='bbox 385 3096 415 3144; x_wconf 92' lang='lat' dir='ltr'>et</span> <span class='ocrx_word' id='word_1_199' title='bbox 440 3081 575 3143; x_wconf 84' lang='lat' dir='ltr'>fundum</span> <span class='ocrx_word' id='word_1_200' title='bbox 601 3102 636 3144; x_wconf 90' lang='lat' dir='ltr'>ac</span> <span class='ocrx_word' id='word_1_201' title='bbox 668 3081 815 3144; x_wconf 87' lang='lat' dir='ltr'>hedificia</span> <span class='ocrx_word' id='word_1_202' title='bbox 848 3083 980 3165; x_wconf 86' lang='lat' dir='ltr'>Georgii</span> <span class='ocrx_word' id='word_1_203' title='bbox 1013 3083 1106 3165; x_wconf 89' lang='lat' dir='ltr'>jurati</span> <span class='ocrx_word' id='word_1_204' title='bbox 1139 3084 1300 3162; x_wconf 84' lang='lat' dir='ltr'>habitam,</span> <span class='ocrx_word' id='word_1_205' title='bbox 1332 3086 1472 3148; x_wconf 88' lang='lat' dir='ltr'>mediam</span> <span class='ocrx_word' id='word_1_206' title='bbox 1497 3087 1650 3148; x_wconf 89' lang='lat' dir='ltr'>videlicet</span> 
     </span>
     <span class='ocr_line' id='line_1_25' title="bbox 384 3187 1649 3273; baseline 0.004 -25"><span class='ocrx_word' id='word_1_207' title='bbox 384 3187 504 3248; x_wconf 89' lang='lat' dir='ltr'>curiam</span> <span class='ocrx_word' id='word_1_208' title='bbox 537 3201 568 3248; x_wconf 91' lang='lat' dir='ltr'>et</span> <span class='ocrx_word' id='word_1_209' title='bbox 600 3187 740 3248; x_wconf 90' lang='lat' dir='ltr'>mediam</span> <span class='ocrx_word' id='word_1_210' title='bbox 771 3203 917 3250; x_wconf 88' lang='lat' dir='ltr'>octavam</span> <span class='ocrx_word' id='word_1_211' title='bbox 951 3190 983 3251; x_wconf 90' lang='lat' dir='ltr'>in</span> <span class='ocrx_word' id='word_1_212' title='bbox 1015 3210 1049 3252; x_wconf 89' lang='lat' dir='ltr'>se</span> <span class='ocrx_word' id='word_1_213' title='bbox 1081 3191 1320 3269; x_wconf 89' lang='lat' dir='ltr'>continentem,</span> <span class='ocrx_word' id='word_1_214' title='bbox 1352 3191 1467 3273; x_wconf 91' lang='lat' dir='ltr'>partim</span> <span class='ocrx_word' id='word_1_215' title='bbox 1496 3191 1649 3254; x_wconf 88' lang='lat' dir='ltr'>videlicet</span> 
     </span>
     <span class='ocr_line' id='line_1_26' title="bbox 386 3293 1646 3373; baseline 0.006 -21"><span class='ocrx_word' id='word_1_216' title='bbox 386 3307 542 3373; x_wconf 90' lang='lat' dir='ltr'>quantum</span> <span class='ocrx_word' id='word_1_217' title='bbox 568 3293 607 3353; x_wconf 92' lang='lat' dir='ltr'>ad</span> <span class='ocrx_word' id='word_1_218' title='bbox 633 3313 728 3354; x_wconf 91' lang='lat' dir='ltr'>unam</span> <span class='ocrx_word' id='word_1_219' title='bbox 754 3295 960 3357; x_wconf 88' lang='lat' dir='ltr'>medietatem</span> <span class='ocrx_word' id='word_1_220' title='bbox 986 3296 1129 3358; x_wconf 89' lang='lat' dir='ltr'>eiusdem</span> <span class='ocrx_word' id='word_1_221' title='bbox 1160 3297 1276 3358; x_wconf 89' lang='lat' dir='ltr'>domus</span> <span class='ocrx_word' id='word_1_222' title='bbox 1294 3312 1332 3358; x_wconf 84' lang='lat' dir='ltr'>&#39;et</span> <span class='ocrx_word' id='word_1_223' title='bbox 1356 3295 1448 3359; x_wconf 85' lang='lat' dir='ltr'>fundi</span> <span class='ocrx_word' id='word_1_224' title='bbox 1472 3318 1508 3360; x_wconf 92' lang='lat' dir='ltr'>ac</span> <span class='ocrx_word' id='word_1_225' title='bbox 1533 3297 1646 3361; x_wconf 92' lang='lat' dir='ltr'>hedifi-</span> 
     </span>
     <span class='ocr_line' id='line_1_27' title="bbox 387 3398 1646 3485; baseline 0.005 -25"><span class='ocrx_word' id='word_1_226' title='bbox 387 3399 510 3460; x_wconf 90' lang='lat' dir='ltr'>ciorum</span> <span class='ocrx_word' id='word_1_227' title='bbox 536 3399 685 3460; x_wconf 87' lang='lat' dir='ltr'>Emerico</span> <span class='ocrx_word' id='word_1_228' title='bbox 702 3398 854 3483; x_wconf 86' lang='lat' dir='ltr'>lrenipari</span> <span class='ocrx_word' id='word_1_229' title='bbox 873 3400 940 3462; x_wconf 90' lang='lat' dir='ltr'>filio</span> <span class='ocrx_word' id='word_1_230' title='bbox 959 3402 1109 3480; x_wconf 87' lang='lat' dir='ltr'>Emerici,</span> <span class='ocrx_word' id='word_1_231' title='bbox 1134 3417 1165 3464; x_wconf 91' lang='lat' dir='ltr'>et</span> <span class='ocrx_word' id='word_1_232' title='bbox 1189 3405 1304 3484; x_wconf 83' lang='lat' dir='ltr'>partim</span> <span class='ocrx_word' id='word_1_233' title='bbox 1322 3403 1472 3466; x_wconf 90' lang='lat' dir='ltr'>videlicet</span> <span class='ocrx_word' id='word_1_234' title='bbox 1489 3419 1646 3485; x_wconf 87' lang='lat' dir='ltr'>quantum</span> 
     </span>
     <span class='ocr_line' id='line_1_28' title="bbox 386 3505 1646 3588; baseline 0.006 -23"><span class='ocrx_word' id='word_1_235' title='bbox 386 3505 425 3565; x_wconf 92' lang='lat' dir='ltr'>ad</span> <span class='ocrx_word' id='word_1_236' title='bbox 451 3505 546 3566; x_wconf 88' lang='lat' dir='ltr'>aliam</span> <span class='ocrx_word' id='word_1_237' title='bbox 571 3505 776 3568; x_wconf 85' lang='lat' dir='ltr'>medietatem</span> <span class='ocrx_word' id='word_1_238' title='bbox 795 3506 938 3569; x_wconf 88' lang='lat' dir='ltr'>eiusdem</span> <span class='ocrx_word' id='word_1_239' title='bbox 957 3508 1084 3588; x_wconf 91' lang='lat' dir='ltr'>domus,</span> <span class='ocrx_word' id='word_1_240' title='bbox 1102 3507 1194 3570; x_wconf 88' lang='lat' dir='ltr'>iundi</span> <span class='ocrx_word' id='word_1_241' title='bbox 1220 3524 1251 3570; x_wconf 90' lang='lat' dir='ltr'>et</span> <span class='ocrx_word' id='word_1_242' title='bbox 1267 3508 1490 3572; x_wconf 88' lang='lat' dir='ltr'>hedificiorum</span> <span class='ocrx_word' id='word_1_243' title='bbox 1516 3511 1646 3573; x_wconf 91' lang='lat' dir='ltr'>Thome</span> 
     </span>
     <span class='ocr_line' id='line_1_29' title="bbox 384 3609 1645 3700; baseline 0.007 -30"><span class='ocrx_word' id='word_1_244' title='bbox 384 3610 532 3671; x_wconf 91' lang='lat' dir='ltr'>similiter</span> <span class='ocrx_word' id='word_1_245' title='bbox 556 3609 707 3691; x_wconf 87' lang='lat' dir='ltr'>lrenipari</span> <span class='ocrx_word' id='word_1_246' title='bbox 732 3611 799 3674; x_wconf 87' lang='lat' dir='ltr'>filio</span> <span class='ocrx_word' id='word_1_247' title='bbox 824 3611 972 3695; x_wconf 90' lang='lat' dir='ltr'>Gregorii</span> <span class='ocrx_word' id='word_1_248' title='bbox 997 3635 1033 3675; x_wconf 90' lang='lat' dir='ltr'>ac</span> <span class='ocrx_word' id='word_1_249' title='bbox 1058 3634 1115 3698; x_wconf 92' lang='lat' dir='ltr'>per</span> <span class='ocrx_word' id='word_1_250' title='bbox 1143 3635 1198 3677; x_wconf 89' lang='lat' dir='ltr'>eos</span> <span class='ocrx_word' id='word_1_251' title='bbox 1222 3617 1364 3698; x_wconf 89' lang='lat' dir='ltr'>ipsorum</span> <span class='ocrx_word' id='word_1_252' title='bbox 1389 3615 1563 3679; x_wconf 86' lang='lat' dir='ltr'>heredibus</span> <span class='ocrx_word' id='word_1_253' title='bbox 1585 3637 1645 3700; x_wconf 92' lang='lat' dir='ltr'>pro</span> 
     </span>
     <span class='ocr_line' id='line_1_30' title="bbox 383 3715 1646 3802; baseline 0.01 -28"><span class='ocrx_word' id='word_1_254' title='bbox 383 3715 496 3795; x_wconf 90' lang='lat' dir='ltr'>viginti</span> <span class='ocrx_word' id='word_1_255' title='bbox 522 3730 594 3778; x_wconf 92' lang='lat' dir='ltr'>octo</span> <span class='ocrx_word' id='word_1_256' title='bbox 619 3716 688 3778; x_wconf 89' lang='lat' dir='ltr'>flor.</span> <span class='ocrx_word' id='word_1_257' title='bbox 713 3719 781 3780; x_wconf 89' lang='lat' dir='ltr'>auri</span> <span class='ocrx_word' id='word_1_258' title='bbox 806 3740 844 3782; x_wconf 85' lang='lat' dir='ltr'>ex</span> <span class='ocrx_word' id='word_1_259' title='bbox 868 3740 1026 3782; x_wconf 89' lang='lat' dir='ltr'>consensu</span> <span class='ocrx_word' id='word_1_260' title='bbox 1051 3722 1231 3783; x_wconf 91' lang='lat' dir='ltr'>vicinorum</span> <span class='ocrx_word' id='word_1_261' title='bbox 1250 3723 1467 3802; x_wconf 89' lang='lat' dir='ltr'>predictorum</span> <span class='ocrx_word' id='word_1_262' title='bbox 1493 3723 1646 3786; x_wconf 90' lang='lat' dir='ltr'>vendide-</span> 
     </span>
     <span class='ocr_line' id='line_1_31' title="bbox 385 3825 1647 3913; baseline 0.009 -32"><span class='ocrx_word' id='word_1_263' title='bbox 385 3835 459 3883; x_wconf 92' lang='lat' dir='ltr'>runt</span> <span class='ocrx_word' id='word_1_264' title='bbox 482 3837 637 3904; x_wconf 91' lang='lat' dir='ltr'>perpetuo</span> <span class='ocrx_word' id='word_1_265' title='bbox 661 3825 891 3905; x_wconf 79' lang='lat' dir='ltr'>possidendum</span> <span class='ocrx_word' id='word_1_266' title='bbox 916 3840 947 3888; x_wconf 91' lang='lat' dir='ltr'>et</span> <span class='ocrx_word' id='word_1_267' title='bbox 970 3827 1143 3910; x_wconf 89' lang='lat' dir='ltr'>superinde</span> <span class='ocrx_word' id='word_1_268' title='bbox 1166 3843 1212 3890; x_wconf 90' lang='lat' dir='ltr'>est</span> <span class='ocrx_word' id='word_1_269' title='bbox 1236 3828 1326 3890; x_wconf 87' lang='lat' dir='ltr'>litera</span> <span class='ocrx_word' id='word_1_270' title='bbox 1351 3829 1411 3891; x_wconf 90' lang='lat' dir='ltr'>sub</span> <span class='ocrx_word' id='word_1_271' title='bbox 1435 3829 1587 3913; x_wconf 90' lang='lat' dir='ltr'>pendenti</span> <span class='ocrx_word' id='word_1_272' title='bbox 1605 3831 1647 3892; x_wconf 90' lang='lat' dir='ltr'>si·</span> 
     </span>
     <span class='ocr_line' id='line_1_32' title="bbox 381 3928 907 4006; baseline 0.011 -18"><span class='ocrx_word' id='word_1_273' title='bbox 381 3928 462 4006; x_wconf 87' lang='lat' dir='ltr'>gillo</span> <span class='ocrx_word' id='word_1_274' title='bbox 487 3930 727 3991; x_wconf 84' lang='lat' dir='ltr'>communitatis</span> <span class='ocrx_word' id='word_1_275' title='bbox 751 3947 907 3996; x_wconf 88' lang='lat' dir='ltr'>emanata.</span> 
     </span>
    </p>

    <p class='ocr_par' dir='ltr' id='par_1_4' title="bbox 381 4033 1647 4843">
     <span class='ocr_line' id='line_1_33' title="bbox 491 4033 1646 4126; baseline 0.01 -32"><span class='ocrx_word' id='word_1_276' title='bbox 491 4033 569 4095; x_wconf 93' lang='lat' dir='ltr'>ltem</span> <span class='ocrx_word' id='word_1_277' title='bbox 596 4035 732 4098; x_wconf 85' lang='lat' dir='ltr'>Michael</span> <span class='ocrx_word' id='word_1_278' title='bbox 758 4035 897 4121; x_wconf 89' lang='lat' dir='ltr'>lrenipar</span> <span class='ocrx_word' id='word_1_279' title='bbox 913 4037 999 4100; x_wconf 90' lang='lat' dir='ltr'>filius</span> <span class='ocrx_word' id='word_1_280' title='bbox 1024 4039 1114 4102; x_wconf 86' lang='lat' dir='ltr'>Pauli</span> <span class='ocrx_word' id='word_1_281' title='bbox 1132 4041 1291 4104; x_wconf 88' lang='lat' dir='ltr'>sellatoris</span> <span class='ocrx_word' id='word_1_282' title='bbox 1315 4043 1470 4106; x_wconf 87' lang='lat' dir='ltr'>directam</span> <span class='ocrx_word' id='word_1_283' title='bbox 1494 4057 1525 4108; x_wconf 90' lang='lat' dir='ltr'>et</span> <span class='ocrx_word' id='word_1_284' title='bbox 1548 4063 1646 4126; x_wconf 90' lang='lat' dir='ltr'>equa-</span> 
     </span>
     <span class='ocr_line' id='line_1_34' title="bbox 383 4139 1642 4232; baseline 0.01 -33"><span class='ocrx_word' id='word_1_285' title='bbox 383 4139 446 4200; x_wconf 92' lang='lat' dir='ltr'>lem</span> <span class='ocrx_word' id='word_1_286' title='bbox 473 4140 678 4202; x_wconf 86' lang='lat' dir='ltr'>medietatem</span> <span class='ocrx_word' id='word_1_287' title='bbox 704 4143 871 4205; x_wconf 89' lang='lat' dir='ltr'>cuiusdam</span> <span class='ocrx_word' id='word_1_288' title='bbox 890 4144 999 4228; x_wconf 91' lang='lat' dir='ltr'>(h)orti</span> <span class='ocrx_word' id='word_1_289' title='bbox 1017 4146 1049 4206; x_wconf 94' lang='lat' dir='ltr'>in</span> <span class='ocrx_word' id='word_1_290' title='bbox 1066 4149 1222 4210; x_wconf 89' lang='lat' dir='ltr'>suburbio</span> <span class='ocrx_word' id='word_1_291' title='bbox 1246 4150 1384 4212; x_wconf 88' lang='lat' dir='ltr'>civitatis</span> <span class='ocrx_word' id='word_1_292' title='bbox 1408 4150 1491 4212; x_wconf 92' lang='lat' dir='ltr'>inter</span> <span class='ocrx_word' id='word_1_293' title='bbox 1507 4149 1642 4232; x_wconf 85' lang='lat' dir='ltr'>(h)ortos</span> 
     </span>
     <span class='ocr_line' id='line_1_35' title="bbox 386 4244 1644 4335; baseline 0.012 -31"><span class='ocrx_word' id='word_1_294' title='bbox 386 4244 506 4327; x_wconf 89' lang='lat' dir='ltr'>Frycze</span> <span class='ocrx_word' id='word_1_295' title='bbox 530 4245 635 4326; x_wconf 89' lang='lat' dir='ltr'>jurati,</span> <span class='ocrx_word' id='word_1_296' title='bbox 659 4249 698 4308; x_wconf 89' lang='lat' dir='ltr'>ab</span> <span class='ocrx_word' id='word_1_297' title='bbox 720 4244 863 4328; x_wconf 90' lang='lat' dir='ltr'>oriente,</span> <span class='ocrx_word' id='word_1_298' title='bbox 896 4252 1090 4314; x_wconf 87' lang='lat' dir='ltr'>etEmerici</span> <span class='ocrx_word' id='word_1_299' title='bbox 1123 4253 1199 4316; x_wconf 92' lang='lat' dir='ltr'>dicti</span> <span class='ocrx_word' id='word_1_300' title='bbox 1224 4256 1389 4335; x_wconf 89' lang='lat' dir='ltr'>Zmetana,</span> <span class='ocrx_word' id='word_1_301' title='bbox 1413 4258 1453 4319; x_wconf 91' lang='lat' dir='ltr'>ab</span> <span class='ocrx_word' id='word_1_302' title='bbox 1478 4257 1644 4319; x_wconf 89' lang='lat' dir='ltr'>occidente</span> 
     </span>
     <span class='ocr_line' id='line_1_36' title="bbox 384 4349 1645 4446; baseline 0.013 -36"><span class='ocrx_word' id='word_1_303' title='bbox 384 4349 495 4430; x_wconf 84' lang='lat' dir='ltr'>habiti,</span> <span class='ocrx_word' id='word_1_304' title='bbox 520 4351 724 4416; x_wconf 88' lang='lat' dir='ltr'>medietatem</span> <span class='ocrx_word' id='word_1_305' title='bbox 751 4355 850 4437; x_wconf 92' lang='lat' dir='ltr'>ipsius</span> <span class='ocrx_word' id='word_1_306' title='bbox 874 4357 1015 4438; x_wconf 82' lang='lat' dir='ltr'>(h)ortia</span> <span class='ocrx_word' id='word_1_307' title='bbox 1040 4373 1128 4441; x_wconf 90' lang='lat' dir='ltr'>parte</span> <span class='ocrx_word' id='word_1_308' title='bbox 1145 4361 1280 4443; x_wconf 88' lang='lat' dir='ltr'>predicti</span> <span class='ocrx_word' id='word_1_309' title='bbox 1304 4359 1417 4446; x_wconf 88' lang='lat' dir='ltr'>(h)orti</span> <span class='ocrx_word' id='word_1_310' title='bbox 1435 4364 1534 4446; x_wconf 89' lang='lat' dir='ltr'>ipsius</span> <span class='ocrx_word' id='word_1_311' title='bbox 1551 4364 1645 4427; x_wconf 91' lang='lat' dir='ltr'>Eme·</span> 
     </span>
     <span class='ocr_line' id='line_1_37' title="bbox 382 4454 1645 4553; baseline 0.013 -37"><span class='ocrx_word' id='word_1_312' title='bbox 382 4456 438 4516; x_wconf 91' lang='lat' dir='ltr'>rici</span> <span class='ocrx_word' id='word_1_313' title='bbox 463 4454 631 4540; x_wconf 84' lang='lat' dir='ltr'>lreniparis</span> <span class='ocrx_word' id='word_1_314' title='bbox 655 4459 760 4541; x_wconf 90' lang='lat' dir='ltr'>sitam,</span> <span class='ocrx_word' id='word_1_315' title='bbox 785 4461 913 4524; x_wconf 89' lang='lat' dir='ltr'>Thome</span> <span class='ocrx_word' id='word_1_316' title='bbox 947 4463 1098 4546; x_wconf 87' lang='lat' dir='ltr'>lrenipari</span> <span class='ocrx_word' id='word_1_317' title='bbox 1131 4468 1316 4550; x_wconf 90' lang='lat' dir='ltr'>supradicto</span> <span class='ocrx_word' id='word_1_318' title='bbox 1340 4468 1408 4532; x_wconf 87' lang='lat' dir='ltr'>lilio</span> <span class='ocrx_word' id='word_1_319' title='bbox 1444 4470 1544 4553; x_wconf 85' lang='lat' dir='ltr'>ipsius</span> <span class='ocrx_word' id='word_1_320' title='bbox 1569 4469 1645 4533; x_wconf 90' lang='lat' dir='ltr'>Gre-</span> 
     </span>
     <span class='ocr_line' id='line_1_38' title="bbox 381 4561 1647 4654; baseline 0.015 -34"><span class='ocrx_word' id='word_1_321' title='bbox 381 4561 464 4640; x_wconf 91' lang='lat' dir='ltr'>gorii</span> <span class='ocrx_word' id='word_1_322' title='bbox 488 4582 546 4644; x_wconf 93' lang='lat' dir='ltr'>pro</span> <span class='ocrx_word' id='word_1_323' title='bbox 570 4565 671 4626; x_wconf 91' lang='lat' dir='ltr'>tribus</span> <span class='ocrx_word' id='word_1_324' title='bbox 695 4567 764 4628; x_wconf 90' lang='lat' dir='ltr'>flor.</span> <span class='ocrx_word' id='word_1_325' title='bbox 790 4571 857 4628; x_wconf 91' lang='lat' dir='ltr'>auri</span> <span class='ocrx_word' id='word_1_326' title='bbox 879 4583 910 4630; x_wconf 89' lang='lat' dir='ltr'>et</span> <span class='ocrx_word' id='word_1_327' title='bbox 933 4589 991 4652; x_wconf 92' lang='lat' dir='ltr'>pro</span> <span class='ocrx_word' id='word_1_328' title='bbox 1015 4571 1118 4633; x_wconf 90' lang='lat' dir='ltr'>tribus</span> <span class='ocrx_word' id='word_1_329' title='bbox 1137 4574 1244 4654; x_wconf 90' lang='lat' dir='ltr'>pensis</span> <span class='ocrx_word' id='word_1_330' title='bbox 1269 4575 1476 4638; x_wconf 88' lang='lat' dir='ltr'>denariorum</span> <span class='ocrx_word' id='word_1_331' title='bbox 1501 4577 1647 4640; x_wconf 88' lang='lat' dir='ltr'>vendidit</span> 
     </span>
     <span class='ocr_line' id='line_1_39' title="bbox 382 4671 1647 4766; baseline 0.017 -40"><span class='ocrx_word' id='word_1_332' title='bbox 382 4681 537 4748; x_wconf 90' lang='lat' dir='ltr'>perpetuo</span> <span class='ocrx_word' id='word_1_333' title='bbox 569 4671 796 4750; x_wconf 89' lang='lat' dir='ltr'>possidendam</span> <span class='ocrx_word' id='word_1_334' title='bbox 822 4688 852 4735; x_wconf 87' lang='lat' dir='ltr'>et</span> <span class='ocrx_word' id='word_1_335' title='bbox 884 4677 1056 4759; x_wconf 88' lang='lat' dir='ltr'>superinde</span> <span class='ocrx_word' id='word_1_336' title='bbox 1089 4693 1135 4740; x_wconf 89' lang='lat' dir='ltr'>est</span> <span class='ocrx_word' id='word_1_337' title='bbox 1160 4680 1248 4742; x_wconf 89' lang='lat' dir='ltr'>litera</span> <span class='ocrx_word' id='word_1_338' title='bbox 1274 4684 1334 4744; x_wconf 91' lang='lat' dir='ltr'>sub</span> <span class='ocrx_word' id='word_1_339' title='bbox 1361 4684 1514 4766; x_wconf 89' lang='lat' dir='ltr'>pendenti</span> <span class='ocrx_word' id='word_1_340' title='bbox 1540 4686 1647 4766; x_wconf 90' lang='lat' dir='ltr'>sigillo</span> 
     </span>
     <span class='ocr_line' id='line_1_40' title="bbox 382 4776 799 4843; baseline 0.026 -12"><span class='ocrx_word' id='word_1_341' title='bbox 382 4776 620 4836; x_wconf 75' lang='lat' dir='ltr'>communitatis</span> <span class='ocrx_word' id='word_1_342' title='bbox 643 4792 799 4843; x_wconf 89' lang='lat' dir='ltr'>emanata.</span> 
     </span>
    </p>

    <p class='ocr_par' dir='ltr' id='par_1_5' title="bbox 382 4878 1646 5070">
     <span class='ocr_line' id='line_1_41' title="bbox 487 4878 1646 4966; baseline 0.022 -28"><span class='ocrx_word' id='word_1_343' title='bbox 487 4878 564 4942; x_wconf 90' lang='lat' dir='ltr'>Item</span> <span class='ocrx_word' id='word_1_344' title='bbox 599 4881 759 4966; x_wconf 90' lang='lat' dir='ltr'>Georgius</span> <span class='ocrx_word' id='word_1_345' title='bbox 790 4887 919 4950; x_wconf 90' lang='lat' dir='ltr'>sellator</span> <span class='ocrx_word' id='word_1_346' title='bbox 951 4889 1035 4952; x_wconf 88' lang='lat' dir='ltr'>filius</span> <span class='ocrx_word' id='word_1_347' title='bbox 1068 4892 1197 4955; x_wconf 90' lang='lat' dir='ltr'>Thome</span> <span class='ocrx_word' id='word_1_348' title='bbox 1235 4898 1442 4962; x_wconf 89' lang='lat' dir='ltr'>medietatem</span> <span class='ocrx_word' id='word_1_349' title='bbox 1477 4899 1646 4962; x_wconf 86' lang='lat' dir='ltr'>cuiusdam</span> 
     </span>
     <span class='ocr_line' id='line_1_42' title="bbox 382 4981 1646 5070; baseline 0.024 -30"><span class='ocrx_word' id='word_1_350' title='bbox 382 4981 498 5044; x_wconf 93' lang='lat' dir='ltr'>domus</span> <span class='ocrx_word' id='word_1_351' title='bbox 521 5005 577 5047; x_wconf 90' lang='lat' dir='ltr'>sue</span> <span class='ocrx_word' id='word_1_352' title='bbox 602 5001 633 5049; x_wconf 92' lang='lat' dir='ltr'>et</span> <span class='ocrx_word' id='word_1_353' title='bbox 657 4989 747 5052; x_wconf 85' lang='lat' dir='ltr'>fundi</span> <span class='ocrx_word' id='word_1_354' title='bbox 774 5013 808 5056; x_wconf 90' lang='lat' dir='ltr'>ac</span> <span class='ocrx_word' id='word_1_355' title='bbox 835 4994 1058 5059; x_wconf 89' lang='lat' dir='ltr'>hedificiorum</span> <span class='ocrx_word' id='word_1_356' title='bbox 1097 5000 1127 5060; x_wconf 92' lang='lat' dir='ltr'>in</span> <span class='ocrx_word' id='word_1_357' title='bbox 1153 5001 1242 5064; x_wconf 88' lang='lat' dir='ltr'>dicta</span> <span class='ocrx_word' id='word_1_358' title='bbox 1269 5004 1398 5068; x_wconf 87' lang='lat' dir='ltr'>civitate</span> <span class='ocrx_word' id='word_1_359' title='bbox 1423 5006 1505 5068; x_wconf 89' lang='lat' dir='ltr'>inter</span> <span class='ocrx_word' id='word_1_360' title='bbox 1529 5007 1646 5070; x_wconf 87' lang='lat' dir='ltr'>domos</span> 
     </span>
    </p>
   </div>
   <div class='ocr_carea' id='block_1_2' title="bbox 0 0 1912 5802">
    <p class='ocr_par' dir='ltr' id='par_1_6' title="bbox 0 0 1912 5802">
     <span class='ocr_line' id='line_1_43' title="bbox 0 0 1912 5802; baseline 0 2"><span class='ocrx_word' id='word_1_361' title='bbox 0 0 1912 5802; x_wconf 95' lang='lat' dir='ltr'> </span> 
     </span>
    </p>
   </div>
  </div>
 </body>
</html>
