3832 5804
431 566 490 646 148
958 566 1045 624 Anno
1067 577 1155 642 1453.

532 779 609 842 Item
634 778 769 860 (h)ortus
793 777 925 860 quidam
951 791 1037 839 extra
1065 777 1190 838 Novam
1223 789 1347 857 portam
1372 774 1509 836 civitatis
1532 773 1687 855 predicte,

426 886 541 970 partim
566 884 669 948 civilis
693 899 724 947 et
748 885 864 968 partim
887 884 978 962 liber,
1004 883 1036 944 in
1059 882 1220 944 vicinitate
1245 881 1354 963 (h)orti
1373 879 1504 961 Georgii
1529 879 1689 962 selliparis

426 992 568 1055 concivis
592 991 703 1069 nostri,
728 1011 744 1052 a
771 1004 858 1072 parte
884 989 1087 1052 meridionali
1117 989 1206 1066 situs,
1231 987 1331 1049 Elene
1356 985 1464 1048 relicte
1488 1001 1519 1048 et
1542 986 1689 1048 Barnabe

426 1099 494 1162 lilio
519 1118 554 1160 ac
580 1097 754 1159 Karberine
779 1097 842 1159 filie
868 1095 1007 1158 condam
1029 1095 1162 1156 Fabiani
1187 1094 1293 1173 jurati,
1318 1113 1391 1155 cum
1409 1093 1474 1156 suis
1498 1093 1690 1154 utilitatibus

428 1208 458 1268 in
484 1207 671 1290 porcionem
697 1223 810 1266 eorum
828 1205 1054 1266 divisionalem
1079 1203 1172 1264 cessit
1187 1216 1345 1284 perpetuo
1362 1199 1592 1283 possidendus3
1610 1200 1690 1262 alter

427 1327 534 1375 autem
567 1311 702 1394 (h)ortus
733 1311 854 1372 ibidem
887 1329 985 1392 penes
1016 1330 1032 1370 a
1065 1323 1153 1392 parte
1185 1306 1437 1389 septemtrionali
1470 1307 1501 1367 in
1526 1306 1689 1367 vicinitate

430 1419 539 1504 (h)orti
565 1419 716 1502 Symonis
746 1419 862 1479 sutoris
894 1416 1031 1494 habitus,
1063 1415 1210 1476 similiter
1244 1434 1316 1475 curn
1348 1414 1413 1474 suis
1444 1413 1635 1474 utilitatibus
1659 1425 1691 1474 et

433 1526 638 1610 pertinenciis
661 1524 818 1587 universis
842 1523 1011 1585 Demetrio
1043 1521 1146 1603 jurato
1177 1521 1360 1602 supradicto
1389 1519 1537 1581 similiter
1560 1519 1591 1580 in
1617 1538 1690 1601 por-

432 1634 558 1695 cionem
582 1651 671 1694 suam
691 1630 916 1692 divisionalem
933 1629 1025 1691 cessit
1042 1641 1199 1710 perpetuo
1216 1626 1440 1709 possidendus,
1464 1639 1495 1686 et
1518 1625 1689 1708 superinde

429 1739 505 1822 ipsis
529 1739 685 1800 ambabus
710 1737 803 1798 dictis
838 1737 982 1820 partibus
1016 1749 1091 1796 sunt
1115 1734 1205 1795 litere
1243 1732 1460 1815 privilegiales
1492 1733 1524 1792 in
1557 1731 1690 1814 paribus

428 1864 539 1907 earum
563 1846 622 1906 sub
645 1843 798 1926 pendenti
823 1841 931 1922 sigillo
956 1841 1196 1903 communitatis
1220 1838 1364 1902 conlecte
1389 1852 1419 1900 et
1442 1853 1599 1900 emanate.

537 1951 614 2014 ltem
632 1949 785 2011 dominus
802 1948 955 2010 Clemens
967 1948 1124 2030 presbiter
1137 1947 1286 2030 magister
1299 1945 1466 2028 hospitalis
1479 1946 1570 2007 beate
1588 1945 1689 2006 Marie

430 2057 580 2140 virginis,
612 2070 798 2139 procurator
830 2055 1006 2136 legittimus
1040 2054 1176 2116 condam
1215 2053 1329 2114 Marini
1362 2051 1494 2132 judicis,
1526 2051 1689 2132 quandam

429 2165 563 2228 domum
587 2163 721 2225 totalem
738 2161 876 2224 condam
901 2159 1057 2222 ¹anthonii
1074 2159 1198 2221 clientis
1215 2158 1295 2220 olim
1311 2157 1473 2220 servitoris
1497 2157 1597 2239 ipsius
1613 2176 1691 2219 con-

429 2273 502 2334 dam
528 2270 643 2333 Marini
669 2268 793 2350 judicis,
819 2269 851 2329 in
877 2267 962 2329 dicta
985 2269 1112 2328 civitate
1138 2267 1219 2327 inter
1250 2265 1384 2326 domum
1409 2265 1564 2326 lobannis
1588 2265 1691 2326 carni·

430 2379 496 2441 ficis
519 2376 711 2440 successoris
733 2375 872 2437 condam
890 2373 1044 2456 Stephani
1062 2373 1156 2456 jurati
1180 2373 1256 2434 dicti
1275 2371 1341 2433 Ban
1367 2385 1397 2432 et
1420 2372 1501 2432 inter
1519 2371 1586 2432 vias
1603 2390 1692 2434 com-

430 2505 544 2546 munes
568 2483 722 2560 habitam,
747 2481 843 2542 simul
869 2500 940 2542 cum
967 2479 1068 2542 lundo
1093 2493 1124 2540 et
1147 2477 1313 2556 hedificiis,
1331 2478 1465 2559 aliisque
1489 2477 1611 2538 cunctis
1627 2477 1693 2538 suis

433 2591 625 2654 utilitatibus
649 2604 679 2651 et
715 2587 921 2670 pertinenciis
949 2586 1105 2648 universis
1140 2584 1283 2666 Georgio
1306 2584 1410 2666 jurato
1441 2583 1508 2644 filio
1532 2582 1692 2645 Anthonii

429 2699 561 2781 Dragyn
587 2711 617 2759 et
643 2696 743 2757 Elene
768 2695 895 2756 mulieri
921 2713 978 2755 sue
1010 2693 1149 2754 consorti
1175 2712 1233 2774 pro
1257 2690 1396 2752 sedecim
1429 2689 1499 2751 flor.
1523 2691 1591 2751 auri
1615 2710 1693 2751 ven-

430 2804 513 2866 didit
537 2816 693 2886 perpetuo
710 2801 939 2885 possidendam
957 2812 988 2861 et
1004 2798 1177 2880 superinde
1201 2811 1247 2859 est
1263 2796 1323 2858 sibi
1348 2797 1438 2858 litera
1456 2797 1514 2857 sub
1538 2795 1692 2878 pendenti

430 2911 538 2992 sigillo
563 2909 803 2971 communitatis
824 2921 982 2969 emanata.

538 3017 615 3078 ltem
641 3016 773 3076 domina
799 3014 972 3075 Scolastica
990 3014 1082 3075 aliter
1106 3013 1206 3074 Ztana
1224 3025 1346 3090 vocata,
1364 3009 1569 3072 medietatem
1587 3009 1692 3070 cuius·

431 3124 506 3185 darn
530 3123 621 3200 silve,
643 3121 831 3203 porcionem
855 3119 1007 3181 videlicet
1030 3139 1132 3197 suam,
1157 3119 1239 3180 inter
1263 3118 1358 3178 aliam
1385 3115 1589 3178 medietatem
1609 3115 1691 3176 eius·

431 3231 506 3292 dem
530 3228 609 3289 silve
634 3229 716 3289 inter
740 3227 927 3309 porcionem
952 3225 1072 3287 scilicet
1097 3223 1252 3286 lobannis
1268 3223 1382 3304 judicis
1404 3222 1577 3304 Perowych
1603 3222 1692 3300 dicti,

431 3356 448 3397 a
473 3334 671 3412 meridione,
703 3345 734 3394 et
770 3333 851 3394 inter
882 3331 994 3393 silvam
1020 3330 1183 3392 Valentini
1213 3330 1431 3408 tributarii,a
1462 3329 1692 3411 septemtrione

432 3441 585 3520 habitam,
609 3440 746 3522 desuper
769 3461 786 3500 a
810 3439 860 3500 via
884 3439 1048 3500 communi
1074 3453 1104 3499 et
1129 3437 1210 3499 infra
1235 3457 1337 3519 usque
1361 3437 1500 3498 rivulum
1525 3457 1559 3498 se
1583 3451 1691 3497 exten·

433 3549 576 3627 dentem,
601 3546 730 3608 Andree
754 3545 857 3627 jurato
882 3558 991 3606 nostro
1020 3544 1178 3606 moderno
1203 3557 1233 3605 et
1257 3541 1417 3623 Gregorio
1447 3562 1602 3625 germano
1635 3561 1695 3603 suo

432 3674 491 3737 pro
515 3667 637 3736 septem
669 3673 743 3714 curn
768 3653 876 3713 medio
911 3652 979 3714 flor.
1006 3651 1074 3712 auri
1107 3669 1144 3712 ex
1169 3669 1326 3712 consensu
1357 3649 1536 3710 vicinorum
1569 3648 1694 3730 predic·

432 3776 539 3822 torum
572 3759 718 3821 vendidit
748 3772 905 3840 perpetuo
937 3756 1164 3839 possidendam
1199 3770 1229 3816 et
1252 3755 1425 3838 superinde
1457 3770 1503 3816 est
1519 3755 1610 3816 litera
1635 3755 1694 3815 sub

432 3866 585 3949 pendenti
608 3866 716 3946 sigillo
748 3864 987 3926 communitatis
1011 3877 1168 3925 emanata.

538 3971 617 4033 ltem
649 3971 786 4033 Michael
819 3969 948 4052 pellifex
981 3968 1066 4031 filius
1098 3969 1197 4031 Marci
1231 3982 1263 4030 et
1295 3968 1461 4030 Emericus
1492 3981 1580 4030 sutor
1611 3966 1697 4029 filius

434 4077 585 4161 Gregorii
603 4077 812 4139 commissarii
831 4089 862 4138 et
879 4091 1064 4139 executores
1081 4076 1186 4137 ultimi
1205 4075 1384 4137 testamenti
1403 4075 1541 4136 condam
1565 4073 1695 4158 Mathye

433 4183 550 4246 sutoris
575 4183 631 4245 filii
657 4183 794 4262 Nicolai,
812 4184 974 4264 quandam
995 4183 1128 4244 domum
1153 4201 1242 4244 suam
1262 4183 1356 4243 unius
1378 4196 1489 4263 quarte
1508 4181 1605 4259 curie,
1623 4200 1696 4242 curn

433 4291 605 4352 medietate
630 4287 721 4350 fundi
740 4301 770 4351 et
795 4289 902 4350 celarii
920 4290 1118 4350 subterranei
1143 4289 1175 4349 in
1195 4289 1280 4351 dicta
1297 4289 1437 4367 civitate,
1461 4288 1551 4349 cuius
1576 4287 1696 4348 medie·

433 4409 529 4456 tatem
555 4396 700 4457 similiter
725 4415 822 4456 unam
856 4410 1002 4477 quartam
1035 4397 1122 4457 curie
1155 4395 1340 4456 Anthonius
1372 4394 1497 4456 institor
1521 4393 1696 4454 literatorie

434 4501 610 4562 dinoscitur
634 4501 810 4583 possidere,
835 4502 941 4564 eidem
965 4501 1132 4564 Anthonio
1167 4501 1304 4562 institori
1328 4500 1436 4562 vicino
1460 4518 1518 4560 suo
1543 4498 1696 4580 contiguo

434 4621 465 4668 et
489 4607 666 4668 inmediato
690 4627 749 4689 pro
773 4609 875 4668 tribus
899 4607 968 4670 flor.
1001 4608 1070 4669 auri
1101 4607 1318 4668 vendiderunt
1349 4621 1506 4688 perpetuo
1530 4605 1697 4687 possiden·

434 4713 508 4775 dam
533 4727 564 4774 et
587 4713 759 4795 superinde
783 4727 829 4774 est
853 4715 913 4775 sibi
937 4714 1029 4776 litera
1054 4715 1112 4775 sub
1138 4712 1292 4796 pendenti
1324 4712 1432 4794 sigillo
1457 4711 1698 4773 communitatis

434 4833 590 4881 emanata.

540 4924 616 4986 Item
644 4925 763 5009 Mattey
787 4926 888 4988 Judea
912 4946 993 4988 uxor
1017 4927 1106 4989 Sauli
1131 4927 1224 4988 Judei
1250 4927 1413 5008 quandam
1438 4925 1570 4988 domum
1601 4924 1698 4985 simul

435 5048 507 5094 curn
533 5028 634 5094 lundo
652 5045 683 5094 et
708 5031 839 5095 cellario
857 5034 1064 5096 subterraneo
1082 5053 1118 5097 ac
1134 5032 1292 5097 hedificiis
1309 5034 1341 5096 in
1364 5033 1448 5097 dicta
1472 5031 1598 5096 civitate
1616 5031 1699 5094 inter
