3854 5798
411 519 474 582 ²74
940 500 1026 558 Anno
1048 495 1142 578 1469.

409 713 566 776 carnificis
589 714 731 794 Zagorcz
756 711 832 774 dicti
857 713 935 774 olim
957 711 1056 773 villici
1074 711 1216 773 Abbacie
1241 709 1466 791 zagrabiensis,
1491 709 1630 793 desuper
1654 717 1675 772 'a

411 823 461 884 via
487 820 653 883 communi
678 833 708 881 et
732 817 813 881 inira
835 838 936 901 usque
954 818 1092 880 rivulum
1118 837 1151 878 se
1169 817 1406 895 extendentem,
1434 837 1508 879 curn
1532 817 1678 898 virgulto

410 947 466 1009 per
489 940 590 988 metas
606 928 756 988 arborum
776 925 807 986 in
825 925 912 988 dicto
933 924 1073 1006 virgulto
1091 945 1129 985 ex
1146 937 1280 1005 utraque
1294 936 1382 1006 parte
1400 922 1548 984 crucibus
1563 923 1679 1004 aigna-

409 1049 525 1114 tarum,
549 1034 684 1095 liberam
709 1033 778 1095 aine
801 1031 891 1094 omni
916 1031 1009 1092 dacio
1033 1051 1089 1092 seu
1106 1050 1216 1109 censu,
1241 1049 1338 1111 quem
1364 1048 1496 1091 censum
1520 1029 1679 1094 videlicet

410 1142 521 1203 decern
557 1141 749 1202 cubulorum
782 1137 878 1201 musti
912 1137 1046 1218 singulis
1078 1137 1170 1198 annia
1201 1135 1375 1198 colendino
1407 1134 1680 1198 confraternitatis

411 1247 602 1310 Sclauorum
627 1245 769 1306 dandum
788 1243 929 1327 prelatus
946 1243 1083 1306 Mathias
1103 1257 1193 1304 sutor
1217 1243 1256 1303 de
1273 1240 1395 1325 prefata
1418 1242 1512 1304 vinea
1536 1261 1592 1304 aua
1609 1241 1679 1303 sol·

409 1374 483 1416 vere
506 1353 678 1434 obligatur,
702 1371 761 1434 pro
786 1370 904 1412 novem
928 1350 1035 1432 peusis
1060 1349 1265 1412 denariorum
1285 1349 1390 1410 eidem
1416 1348 1565 1410 Emerico
1590 1349 1678 1430 agri·

408 1461 478 1522 cole
502 1459 683 1542 persolutis,
708 1458 847 1539 ideoque
872 1456 978 1519 eidem
1003 1457 1110 1518 literas
1134 1470 1258 1517 nostras
1281 1454 1439 1518 dedimus.

514 1567 590 1629 ltem
617 1566 693 1646 quia
710 1585 769 1627 nos
785 1565 1000 1626 communitas
1017 1563 1100 1626 dicte
1123 1562 1260 1625 civitatis
1276 1562 1482 1624 vendidimus
1506 1562 1676 1644 quandam

408 1675 521 1736 silvam
557 1672 658 1734 Elene
691 1671 836 1734 mulieris
867 1671 977 1732 relicte
1010 1669 1148 1732 condam
1182 1669 1301 1731 Mathie
1337 1669 1576 1753 Kerzowaych,
1608 1689 1677 1751 que

408 1794 539 1863 propter
562 1799 618 1840 sua
643 1776 800 1840 maleficia
824 1775 1085 1859 nephandissima
1117 1789 1148 1838 et
1176 1777 1338 1857 signanter
1370 1790 1500 1858 propter
1524 1775 1676 1859 deperdi-

411 1888 538 1948 cionem
563 1885 729 1946 cuiusdam
754 1884 844 1966 pueri
868 1884 928 1962 sui,
949 1903 1046 1966 quem
1071 1883 1138 1965 ipsa
1156 1882 1352 1944 clandestine
1376 1897 1544 1964 pepererat
1567 1896 1599 1943 et
1622 1895 1676 1944 tu·

409 1991 598 2069 mulaverat,
623 2011 685 2072 que
710 2005 840 2073 propter
864 1988 1050 2051 huiusmodi
1067 2008 1123 2050 sua
1144 1987 1285 2050 facinora
1304 1988 1343 2050 de
1368 1987 1435 2070 ipsa
1460 1988 1588 2051 civitate
1606 1990 1675 2051 exi-

407 2100 461 2162 stit
492 2117 680 2179 expcrcuaaa
704 2109 735 2159 et
767 2097 930 2174 baculata,
955 2096 1005 2156 cui
1030 2095 1179 2157 introitus
1207 2095 1350 2157 eiusdem
1377 2095 1513 2157 civitatis
1537 2095 1675 2158 ulterius

408 2220 455 2268 est
480 2204 671 2288 prohibitus,
696 2223 759 2285 que
786 2203 864 2264 silva
889 2217 935 2264 eat
967 2202 1048 2263 inter
1071 2202 1185 2263 silvam
1218 2201 1347 2264 Martini
1379 2201 1504 2282 judicis,
1529 2204 1569 2263 ab
1596 2222 1673 2282 una,

408 2327 438 2373 et
463 2313 545 2373 inter
568 2310 681 2372 silvam
706 2309 871 2370 colendini
896 2309 1085 2370 Sclauorum
1119 2307 1273 2387 habitam,
1305 2308 1442 2390 desuper
1466 2329 1483 2370 a
1508 2309 1559 2370 via
1583 2329 1674 2371 com·

408 2418 545 2480 muniet
569 2415 650 2478 inlra
675 2435 776 2496 usque
800 2415 940 2476 rivulum
966 2413 1201 2492 extendentem,
1227 2415 1403 2497 peripsum
1427 2435 1484 2497 per
1506 2414 1669 2498 prelatum

408 2524 544 2586 condam
571 2522 726 2584 Mathiam
751 2521 971 2603 Kerzowaych
996 2520 1167 2599 derelictis,
1200 2540 1263 2602 que
1287 2521 1326 2582 ad
1352 2540 1411 2582 nos
1435 2536 1466 2582 et
1489 2522 1671 2583 communi-

407 2644 505 2692 tatem
530 2643 672 2690 nostram
697 2627 831 2708 juridice
857 2628 961 2689 existit
992 2627 1155 2706 devoluta,
1188 2627 1292 2689 eidem
1319 2627 1458 2689 Martino
1482 2627 1580 2708 judici
1613 2649 1672 2709 pro

408 2757 473 2798 uno
499 2735 567 2798 flor.
592 2736 659 2796 auri
683 2734 889 2795 vendidimus
913 2733 981 2815 jure
999 2747 1155 2817 perpetuo
1179 2754 1215 2794 ac
1233 2733 1317 2810 juxta
1335 2734 1562 2795 condicionem
1586 2735 1671 2798 dicte

408 2843 544 2905 civitatis
567 2842 740 2903 tenendam
766 2861 821 2922 per
844 2841 984 2902 eundem
1009 2855 1040 2901 et
1063 2861 1137 2902 suos
1162 2839 1304 2919 heredes,
1334 2854 1365 2902 et
1388 2860 1484 2924 super
1508 2842 1672 2922 premissis

409 2949 513 3010 eidem
540 2949 679 3010 Martino
704 2946 804 3028 judici
828 2947 978 3008 dedimus
1002 2947 1108 3008 literas
1133 2962 1256 3010 nostras
1280 2967 1480 3010 communes.

515 3055 590 3115 ltem
618 3055 692 3135 quia
719 3054 852 3135 provida
878 3053 994 3114 mulier
1019 3053 1119 3114 Elena
1152 3067 1264 3116 vocata
1289 3055 1399 3116 relicta
1424 3056 1562 3116 condam
1588 3056 1672 3118 Petri

408 3162 524 3222 sutoris
550 3159 766 3244 Habazynych
792 3159 868 3220 dicti
893 3160 971 3221 olim
994 3161 1135 3221 concivis
1159 3161 1268 3238 nostri,
1286 3161 1428 3223 concivis
1452 3175 1571 3241 nostra,
1595 3182 1672 3224 con·

408 3287 475 3328 sors
501 3286 576 3327 vero
600 3267 756 3346 legittima
782 3267 891 3327 Jacobi
916 3267 1033 3327 sutoris
1058 3265 1113 3327 filii
1139 3269 1284 3330 Barnabe
1310 3267 1504 3352 Sarkowych
1530 3268 1606 3330 dicti
1632 3269 1672 3330 de

409 3373 620 3434 Zelna-zenth
647 3373 770 3450 Miclos,
807 3372 1029 3435 inhabitatoris
1062 3374 1145 3434 dicte
1177 3374 1322 3453 civitatis,
1354 3375 1539 3456 propinavit
1562 3375 1668 3436 eidem

409 3480 529 3541 Jacobo
555 3480 623 3539 viro
648 3498 707 3539 suo
724 3479 876 3539 directam
895 3479 1100 3540 medietatem
1116 3481 1280 3541 cuiusdam
1300 3481 1426 3559 domus,
1451 3480 1556 3560 fundi,
1582 3482 1672 3544 hedi-

407 3583 554 3646 ficiorum
579 3604 614 3645 ac
639 3585 747 3646 celarii
765 3585 961 3646 subterranei
987 3585 1106 3666 lapidei
1132 3599 1163 3647 et
1181 3586 1278 3667 lignei
1298 3587 1405 3669 operis
1429 3587 1460 3648 in
1485 3587 1569 3650 dicta
1595 3589 1670 3650 civi·

406 3704 469 3751 tate
494 3711 529 3752 ac
553 3691 634 3751 inter
658 3691 774 3752 domos
798 3690 1008 3772 providorum
1033 3691 1174 3754 virorum
1194 3693 1322 3754 Andree
1346 3693 1463 3754 sutoris
1486 3693 1570 3778 (filii)
1595 3713 1670 3756 con·

407 3796 480 3857 darn
506 3797 665 3858 Anthonii
691 3797 855 3875 institoris,
879 3799 919 3858 ab
953 3817 1015 3858 una
1046 3798 1237 3860 videliceta
1272 3799 1477 3861 meridionali
1510 3815 1610 3882 parte,
1634 3820 1670 3862 ac

406 3922 625 3963 successorum
650 3903 788 3965 condam
815 3904 897 3964 lwan
916 3905 1055 3985 agricole
1081 3905 1237 3987 Chaplich
1256 3905 1344 3985 dicti,
1360 3907 1400 3968 ab
1424 3906 1523 3968 altera
1548 3909 1671 3970 scilicet

405 4008 657 4090 septemtrionali
683 4025 780 4090 parte,
807 4023 989 4071 nostrorum
1022 4010 1143 4072 scilicet
1175 4013 1357 4074 concivium
1382 4011 1523 4074 habitam
1549 4028 1580 4076 et
1604 4016 1669 4076 exi-

406 4128 554 4192 stentem,
579 4114 720 4175 mediam
746 4116 777 4175 in
795 4129 863 4176 toto
888 4116 1008 4176 curiam
1026 4117 1066 4177 ad
1085 4137 1177 4179 usum
1201 4118 1284 4180 dicte
1302 4118 1438 4180 civitatis
1463 4117 1494 4178 in
1519 4139 1551 4179 se
1569 4121 1669 4182 conti·

405 4234 547 4296 nentem,
572 4221 724 4282 directam
751 4221 956 4284 medietatem
989 4223 1140 4284 videlicet
1165 4243 1260 4285 unam
1287 4238 1433 4304 quartam
1468 4225 1554 4286 curie
1579 4226 1611 4287 in
1636 4245 1668 4286 se

405 4328 643 4404 continentem,
680 4330 785 4410 ipsum
819 4329 956 4390 condam
994 4330 1123 4392 Petrum
1155 4350 1173 4390 a
1205 4330 1339 4412 provida
1371 4330 1509 4393 condam
1533 4333 1667 4394 muliere

405 4434 517 4494 Vrsula
545 4449 655 4495 vocata
681 4435 790 4496 relicta
807 4435 943 4496 condam
964 4435 1083 4497 Mathis
1102 4436 1257 4520 chhych
1277 4437 1456 4520 emptionis
1479 4438 1574 4500 titulo
1593 4459 1666 4500 con-

405 4554 599 4618 cernentem,
626 4555 656 4602 et
678 4541 808 4602 tandem
828 4542 929 4623 ipsam
948 4543 1081 4602 Elenam
1096 4542 1266 4604 mulierem
1285 4558 1356 4624 post
1372 4544 1497 4606 obitum
1522 4546 1667 4607 eiusdem

403 4644 470 4726 jure
495 4645 689 4708 hereditario
722 4662 986 4725 concernentem,
1019 4667 1092 4708 cum
1125 4649 1277 4710 omnibus
1311 4650 1454 4712 eiusdem
1487 4651 1669 4714 medietatis

405 4752 488 4814 dicte
514 4751 630 4814 domus
656 4767 725 4832 etc,
759 4753 882 4834 prelato
908 4755 1028 4815 Jacobo
1060 4755 1161 4816 sutori
1195 4770 1229 4816 ut
1252 4754 1316 4836 jam
1350 4758 1474 4818 concivi
1500 4771 1609 4820 nostro
1633 4778 1668 4820 ac

406 4879 462 4941 per
487 4879 559 4921 eum
586 4862 651 4922 suis
668 4860 841 4923 heredibus
858 4860 997 4923 dedisset
1013 4875 1044 4922 et
1061 4862 1271 4945 propinasset,
1289 4878 1320 4925 et
1335 4865 1464 4926 tandem
1487 4865 1668 4948 Stephanus

407 4965 553 5030 carnifex
577 4968 688 5052 Zaylro
713 4968 816 5030 dictus
849 4965 944 5031 frater
976 4968 1120 5031 eiusdem
1143 4969 1259 5032 Vrsule
1291 4971 1434 5042 mulieris
1465 4987 1616 5036 executor
1639 4986 1670 5038 et
