3816 5802
713 1595 840 1696 (duno
869 1593 1026 1684 Domini
1052 1590 1356 1693 decoctum.)

974 1809 1079 1820 1——

396 1933 487 2011 ltem
507 1911 548 2009 in
577 1957 670 2010 anno
708 1931 852 2009 Domini
892 1931 1081 2006 millesimo
1119 1911 1471 2030 quadringentesimo
1510 1911 1659 2030 quadra-

395 2059 538 2158 gesimo
567 2081 675 2149 nono,
704 2057 795 2132 feria
823 2063 930 2132 sexta
957 2051 1121 2156 proxima
1140 2063 1226 2154 post
1254 2053 1385 2130 festum
1415 2053 1593 2130 Gerwasii
1623 2063 1662 2130 et

395 2181 574 2258 Protbasii
604 2181 800 2270 martirum,
818 2202 970 2279 presens
987 2179 1172 2254 fraternum
1193 2177 1403 2254 estfactum
1432 2201 1542 2276 super
1561 2176 1656 2279 regi-

394 2305 577 2381 stracione
606 2313 644 2380 et
672 2303 954 2402 consignacione
974 2311 1154 2378 certarum
1175 2303 1358 2378 literarum
1386 2301 1659 2402 privilegialium

396 2429 520 2504 civium
561 2436 599 2504 et
634 2428 877 2504 habitatorum
915 2427 1072 2503 civitatis
1109 2427 1271 2527 predicte
1310 2447 1419 2524 super
1455 2426 1660 2526 possessio-

394 2554 495 2629 nibus
535 2551 741 2628 eorumdem
780 2552 905 2627 civium
945 2559 983 2626 et
1025 2551 1268 2628 habitatorum
1306 2549 1462 2626 ciuitatis
1500 2548 1662 2648 predicte

395 2677 487 2753 infra
514 2675 811 2752 nominandorum
839 2675 873 2749 in
902 2675 1001 2750 dicta
1029 2675 1176 2750 civitate
1206 2682 1243 2750 et
1272 2675 1348 2749 eius
1386 2671 1572 2748 territorio
1601 2671 1662 2747 ha-

395 2802 490 2894 bitis,
518 2801 790 2902 privilegialiter
817 2801 882 2876 sub
911 2799 1083 2896 pendenti
1122 2799 1241 2899 sigillo
1272 2797 1537 2874 communitatis
1574 2819 1661 2872 con-

395 2925 571 3002 fectarum
604 2933 643 3001 et
661 2931 905 3000 emanaturum
935 2923 1043 2999 modo
1073 2933 1112 2999 et
1139 2923 1264 3000 ordine
1289 2921 1538 3020 infrascriptis,
1569 2929 1661 2996 tem-

501 3073 591 3150 pore
615 3048 795 3146 judicatus
821 3047 991 3147 Jobannis
1020 3045 1079 3122 filii
1117 3044 1258 3122 Nicolai
1288 3046 1374 3122 dicti
1402 3043 1554 3120 Bolsak.

924 3277 993 3356 (20.
1019 3276 1130 3355 junii).

503 3419 581 3484 ltem
607 3419 800 3482 Benedictus
823 3417 909 3480 filius
933 3418 1099 3480 Michaelis
1124 3417 1315 3495 Sebastiam,
1340 3416 1461 3496 juratus
1485 3415 1662 3478 modernus

399 3527 535 3589 civitatis
566 3525 727 3607 predicte,
759 3525 921 3608 quendam
956 3523 1110 3606 (h)ortum
1143 3543 1237 3585 suum
1271 3524 1404 3585 totalem
1436 3523 1468 3584 in
1501 3523 1663 3584 territorio

397 3645 507 3694 nostro
531 3652 587 3694 seu
604 3631 741 3693 civitatis
765 3630 906 3713 predicte
924 3631 1006 3693 inter
1022 3631 1175 3712 (h)ortum
1193 3629 1370 3692 liberorum
1388 3628 1524 3690 condam
1546 3628 1659 3689 Briccii

399 3739 522 3822 judicis,
547 3740 587 3800 ab
611 3738 789 3817 occidente,
813 3752 845 3800 et
869 3738 952 3800 inter
975 3735 1131 3820 (b)ortum
1156 3736 1312 3798 Johannis
1335 3735 1451 3816 judicis
1474 3735 1574 3796 nostri
1594 3754 1664 3797 mo·

399 3845 490 3907 derni
515 3844 572 3907 lilii
597 3845 723 3907 Nicolai
749 3844 866 3906 Bolsak
891 3845 978 3923 dicti,
1003 3845 1042 3904 ab
1067 3843 1191 3905 oriente
1221 3843 1378 3920 habitum,
1403 3861 1475 3903 cum
1494 3843 1559 3904 suis
1576 3841 1665 3903 utili·

399 3952 518 4013 tatibus
543 3965 574 4013 et
597 3951 804 4034 pertinenciis
827 3950 986 4013 universis
1006 3949 1152 4033 predicto
1169 3949 1309 4010 lohanni
1334 3948 1433 4029 judici
1458 3963 1570 4012 nostro
1595 3967 1664 4010 mo·

399 4057 500 4120 derno
525 4076 583 4139 pro
607 4057 718 4119 decem
736 4071 767 4120 et
783 4071 857 4119 octo
871 4059 940 4121 tior.
965 4057 1045 4136 auri,
1062 4070 1228 4138 tamquam
1245 4056 1302 4116 uni
1318 4055 1426 4117 vicino
1444 4076 1482 4118 ex
1506 4073 1666 4118 consensu

399 4161 595 4246 prefatorum
620 4163 756 4226 aliorum
781 4165 962 4226 vicinorum
995 4163 1141 4225 vendidit
1177 4175 1333 4245 perpetuo
1370 4161 1601 4244 possidendum
1636 4173 1667 4220 et

399 4269 570 4351 superinde
595 4283 642 4332 est
659 4269 749 4332 litera
774 4273 832 4332 sub
850 4270 1003 4353 pendenti
1021 4269 1128 4351 sigillo
1154 4268 1395 4330 communitatis
1418 4281 1575 4329 emanata.

504 4374 581 4436 ltem
606 4374 737 4438 domina
763 4377 965 4458 Margaretha
990 4395 1068 4437 uxor
1092 4377 1251 4458 legittima
1275 4374 1401 4436 Nicolai
1427 4371 1579 4434 aurifabri
1599 4373 1666 4455 pri-

399 4480 473 4541 dem
497 4480 612 4561 judicis
634 4483 839 4564 concisisque
866 4483 964 4546 nostri
987 4481 1044 4544 filii
1071 4483 1164 4561 Petri,
1190 4483 1221 4543 in
1256 4500 1312 4542 sua
1337 4493 1368 4542 et
1392 4477 1506 4561 prefati
1532 4478 1660 4540 Nicolai

401 4585 552 4648 aurifabri
578 4588 636 4648 viri
662 4588 711 4649 sui
729 4589 878 4669 legittimi
896 4590 1052 4671 personis,
1076 4589 1264 4649 auctoritate
1281 4600 1313 4649 et
1338 4585 1567 4648 commissione
1584 4585 1668 4646 eius·

400 4693 473 4754 dem
499 4693 624 4755 Nicolai
650 4693 802 4756 aurifabri
828 4695 885 4755 viri
910 4695 958 4755 sui
983 4695 1043 4754 sibi
1076 4693 1186 4774 vigore
1211 4692 1381 4755 cuiusdam
1407 4692 1498 4754 litere
1522 4691 1667 4753 testimo-

401 4799 494 4861 nialia
519 4799 661 4882 Capituli
689 4799 820 4862 ecclesie
846 4800 1051 4861 waradiensis
1068 4799 1107 4860 ad
1132 4797 1302 4862 fassionem
1322 4799 1422 4882 ipsius
1438 4797 1564 4860 Nicolai
1584 4797 1667 4859 auri·

401 4904 481 4968 fabri
506 4905 651 4968 confecte
676 4921 706 4969 et
731 4919 877 4968 emanata
902 4927 958 4988 per
987 4906 1126 4968 eundem
1145 4906 1315 4967 Nicolaum
1333 4904 1532 4967 aurifabrum
1558 4903 1590 4965 in
1607 4902 1667 4964 hac

402 5026 490 5094 parte
514 5013 666 5075 attributa
699 5012 880 5091 mediante,
913 5013 1068 5093 quasdam
1102 5027 1165 5075 tres
1201 5012 1420 5093 possessiones
1452 5009 1669 5094 infrascriptos
