3816 5802
389 581 432 644 70
921 557 1122 638 Ann01446.

390 774 520 836 civitate
545 775 626 836 inter
651 775 767 835 domos
791 787 822 835 et
846 772 965 835 fundos
990 775 1111 837 Vrbani
1139 774 1246 836 claudi
1270 787 1301 836 et
1327 773 1465 836 Emerici
1491 772 1658 856 freniparis

391 880 510 958 habite,
535 901 631 941 unam
658 880 807 942 videlicet
832 881 1059 942 tantummodo
1088 896 1236 964 quartam
1260 880 1346 941 curie
1372 881 1403 941 in
1429 901 1462 941 se
1488 881 1654 942 continen-

390 999 465 1064 tem,
490 986 591 1048 Paulo
616 987 831 1048 barbitonsori
858 985 926 1048 filio
945 987 1036 1048 Pauli
1054 987 1094 1050 de
1116 987 1299 1049 Korilowcz
1324 1006 1382 1069 pro
1410 987 1655 1068 quatuordecim

390 1092 458 1155 flor.
483 1093 552 1154 auri
578 1093 725 1155 vendidit
741 1107 897 1175 perpetuo
914 1093 1144 1176 possidendam
1169 1107 1200 1156 et
1217 1093 1390 1176 superinde
1416 1111 1462 1154 est
1487 1093 1577 1155 litera
1597 1094 1656 1155 sub

391 1199 545 1282 pendenti
570 1199 678 1280 sigillo
710 1199 953 1261 communitatis
986 1199 1094 1262 eidem
1119 1199 1221 1263 Paulo
1254 1199 1470 1260 barbitonsori
1502 1213 1658 1261 emanata.

498 1305 576 1367 ltem
602 1306 704 1367 Lucas
735 1305 877 1387 agricola
909 1304 995 1366 filius
1027 1305 1164 1368 condam
1194 1304 1328 1385 Georgii
1360 1305 1513 1385 agricole,
1537 1305 1657 1367 rnedie-

392 1425 489 1474 tatem
516 1411 682 1472 cuiusdam
707 1409 799 1472 fundi
825 1425 856 1473 et
881 1411 989 1473 celarii
1022 1412 1222 1474 subterranei
1248 1411 1280 1472 in
1313 1410 1398 1472 dicta
1423 1411 1550 1472 civitate
1576 1411 1657 1472 inter

392 1518 528 1580 domum
553 1531 584 1580 et
608 1516 745 1579 fundum
771 1515 921 1598 Gregorii
945 1515 1003 1579 filii
1027 1517 1203 1596 Valentini,
1227 1519 1267 1578 ab
1285 1537 1348 1578 una
1372 1531 1472 1600 parte,
1496 1518 1536 1578 ab
1560 1518 1657 1578 altera

392 1644 471 1686 vero
495 1636 585 1707 parte
611 1624 694 1686 inter
726 1621 863 1685 fundum
897 1643 1035 1686 vacuum
1068 1637 1098 1685 et
1122 1623 1279 1686 hedificiis
1311 1623 1439 1705 penitus
1471 1622 1658 1686 destitutum

398 1729 541 1813 Philippi
565 1728 719 1792 aurifabri
743 1729 855 1808 habiti,
877 1730 1082 1792 medietatem
1100 1745 1135 1792 ut
1151 1730 1326 1812 predicitur
1343 1729 1443 1812 ipsius
1466 1728 1569 1808 fundi,
1588 1749 1658 1812 par-

392 1850 458 1898 tem
483 1835 633 1898 videlicet
656 1836 879 1918 posteriorem,
912 1856 997 1898 nnnc
1030 1835 1344 1919 superhedificatam,
1375 1839 1564 1918 porcionem
1589 1857 1657 1919 pre-

395 1943 471 2004 dicti
497 1941 637 2024 Georgii
655 1943 752 2024 patris
783 1943 850 2022 sui,
884 1963 981 2004 unam
1015 1958 1161 2024 quartam
1186 1944 1273 2004 curie
1307 1944 1337 2004 in
1363 1963 1395 2005 se
1428 1945 1659 2023 continentem,

394 2069 467 2112 curn
492 2051 558 2112 suis
582 2049 774 2112 utilitatibus
798 2063 829 2112 et
845 2050 1051 2132 pertinenciis
1079 2050 1236 2112 universis
1253 2049 1430 2135 Elyzabeth
1448 2051 1575 2113 mulieri
1593 2051 1659 2114 filie

394 2156 475 2238 Elye
510 2155 548 2216 de
581 2155 652 2217 vico
685 2155 874 2217 Latinorum
909 2155 1018 2218 relicte
1050 2156 1187 2217 condam
1221 2155 1318 2232 lwan,
1354 2171 1388 2216 ut
1420 2175 1503 2217 nove
1531 2158 1656 2219 concivi

394 2275 512 2342 nostre,
533 2281 591 2345 pro
616 2261 744 2324 duobus
767 2261 836 2324 flor.
861 2261 929 2323 auri
955 2261 1100 2324 vendidit
1117 2277 1273 2344 perpetuo
1294 2261 1523 2343 possidendam
1549 2277 1580 2325 et
1604 2284 1657 2324 su·

394 2369 529 2452 perinde
565 2369 671 2430 eidem
709 2367 886 2450 Elyzabeth
919 2368 1046 2429 mulieri
1079 2383 1126 2430 est
1157 2368 1249 2430 litera
1273 2369 1332 2429 sub
1365 2369 1518 2450 pendenti
1550 2369 1658 2450 sigillo

396 2475 638 2538 communitatis
661 2487 820 2540 emanata.

500 2581 579 2643 ltem
603 2580 701 2662 Elyas
725 2580 846 2642 Judeus
870 2579 954 2642 filius
979 2581 1131 2663 Symonis
1161 2580 1322 2642 habitator
1339 2581 1423 2642 dicte
1448 2581 1594 2660 civitatis,
1612 2580 1659 2641 di·

394 2701 513 2751 rectam
538 2701 569 2749 et
592 2687 745 2769 equalem
778 2686 985 2748 medietatem
1019 2687 1186 2748 cuiusdam
1212 2688 1338 2766 domus,
1370 2686 1461 2750 fundi
1486 2700 1518 2748 et
1548 2685 1661 2748 hedifi-

395 2795 518 2857 ciorum
544 2794 577 2854 in
602 2793 686 2855 dicta
711 2793 838 2854 civitate
864 2793 946 2855 inter
971 2791 1089 2855 fundos
1113 2807 1144 2854 et
1178 2793 1293 2855 domos
1318 2793 1447 2878 Mathye
1470 2793 1597 2872 sutoris,
1620 2793 1661 2854 ab

396 2922 459 2963 una
483 2913 584 2983 parte,
608 2903 648 2962 ab
673 2899 773 2961 altera
798 2919 875 2962 vero
900 2913 988 2982 parte
1007 2901 1183 2962 liberorum
1209 2919 1265 2962 seu
1282 2913 1498 2962 successotum
1522 2900 1659 2962 condam

395 3008 557 3070 Francisci
581 3007 688 3070 claudi
714 3006 821 3068 habite
847 3022 877 3069 et
903 3008 1076 3086 existentis,
1102 3027 1199 3068 unam
1230 3008 1380 3070 videlicet
1403 3021 1548 3090 quartam
1574 3008 1661 3070 curie

396 3115 428 3176 in
452 3134 485 3176 se
509 3113 740 3191 continentem,
766 3111 910 3195 Georgio
944 3113 1140 3196 tympaniste
1163 3111 1232 3175 filio
1257 3113 1405 3196 Gregorii
1430 3116 1470 3178 de
1494 3115 1661 3192 Vrbovvcz,

396 3241 482 3283 novo
507 3221 631 3282 concivi
658 3233 779 3298 nostro,
803 3239 860 3302 pro
894 3240 1011 3282 novem
1044 3219 1152 3302 pensis
1184 3221 1389 3283 denariorum
1414 3221 1559 3282 vendidit
1591 3240 1661 3302 per·

395 3341 493 3411 petuo
523 3327 751 3410 possidendam
776 3346 813 3387 ex
838 3346 997 3388 consensu
1030 3327 1211 3390 vicinorum
1243 3327 1462 3410 predictorum
1496 3341 1526 3390 et
1549 3347 1659 3410 super·

397 3435 472 3497 inde
498 3449 544 3496 eet
567 3434 657 3496 litera
682 3436 741 3495 sub
767 3433 919 3516 pendenti
944 3433 1052 3514 sigillo
1080 3435 1320 3496 communitatis
1345 3449 1502 3498 emanata.

503 3539 581 3602 ltem
606 3541 760 3602 Nicolaus
784 3539 945 3602 aurifaber
967 3540 1053 3602 lilius
1070 3542 1166 3621 Petri,
1192 3541 1315 3624 pridem
1334 3541 1431 3623 judex
1456 3543 1662 3624 concivisque

398 3661 516 3726 noster,
542 3661 572 3708 et
596 3647 780 3708 Anthonius
806 3647 953 3709 Kathana
974 3645 1070 3708 frater
1086 3648 1258 3731 adoptivus
1282 3661 1313 3710 et
1329 3648 1547 3731 conjurativus
1563 3650 1662 3732 ipsius

397 3753 524 3817 Nicolai
549 3752 714 3832 aurifabri,
732 3753 895 3834 quandam
913 3753 1047 3815 domum
1065 3773 1177 3815 eorum
1195 3755 1335 3836 ligneam
1357 3756 1453 3817 simul
1470 3775 1543 3818 cum
1561 3755 1661 3818 fundo

399 3876 430 3922 et
454 3859 610 3921 hedificiis
635 3863 667 3922 in
691 3861 774 3922 dicta
794 3861 921 3923 civitate
939 3862 1021 3922 inter
1038 3860 1184 3940 domum,
1202 3860 1340 3923 fundum
1358 3877 1388 3924 et
1413 3861 1560 3925 hedificia
1579 3864 1661 3925 Mar·

398 3967 456 4028 tini
480 3967 610 4028 sartoris
641 3965 698 4028 filii
732 3967 842 4045 Marci,
873 3970 913 4029 ab
946 3987 1008 4028 una
1040 3981 1139 4049 parte,
1167 3969 1206 4029 ab
1240 3969 1338 4030 altera
1363 3988 1440 4030 vero
1465 3983 1552 4051 parte
1578 3969 1660 4031 inter

398 4073 533 4134 domurn
557 4073 704 4135 similiter
728 4087 759 4135 et
783 4072 920 4136 fundum
944 4094 980 4135 ac
1005 4073 1153 4136 hedificia
1178 4073 1290 4156 prefati
1313 4079 1377 4154 (sic)
1403 4075 1550 4159 Dyonisii
1577 4076 1660 4138 auri·

399 4180 493 4260 fabri,
518 4180 611 4260 jurati
637 4182 736 4242 nostri
754 4180 913 4258 moderni,
932 4181 1071 4243 habitam
1098 4195 1128 4242 et
1145 4182 1344 4261 existentem,
1370 4182 1511 4243 mediam
1536 4183 1568 4244 in
1593 4195 1660 4244 toto

400 4287 520 4348 curiam
547 4287 588 4348 ad
613 4306 705 4348 usum
731 4287 814 4349 dicte
832 4287 968 4348 civitatis
992 4288 1024 4347 in
1049 4307 1082 4348 se
1101 4289 1333 4366 continentem,
1357 4288 1451 4350 Petro
1475 4290 1576 4351 sutori
1593 4287 1661 4350 filio

400 4393 569 4473 Anthonii,
594 4394 719 4455 concivi
745 4407 866 4472 nostro,
892 4413 950 4476 pro
976 4393 1116 4455 sedecim
1149 4393 1218 4456 flor.
1243 4396 1313 4456 auri
1339 4393 1484 4457 vendidit
1508 4409 1662 4477 perpetuo

398 4500 626 4584 possidendam
651 4514 682 4562 et
709 4501 881 4582 superinde
906 4515 952 4561 est
976 4501 1066 4562 litera
1097 4502 1157 4562 sub
1181 4500 1334 4584 pendenti
1358 4501 1465 4582 sigillo
1483 4502 1661 4562 communi·

399 4609 471 4670 tatis
502 4621 660 4670 emanata,

506 4714 583 4776 ltem
608 4715 819 4777 commissarii
844 4727 875 4776 et
899 4727 1085 4776 executores
1101 4714 1283 4776 testamenti
1308 4713 1447 4776 condam
1473 4714 1596 4776 Nicolai
1615 4713 1661 4796 ju-

400 4820 479 4882 dicis
496 4821 570 4882 dicti
597 4820 740 4903 llenkyn,
758 4821 921 4902 quandam
947 4833 1062 4883 terram
1080 4821 1233 4884 arabilem
1252 4820 1366 4904 prefati
1384 4821 1520 4884 condam
1539 4821 1663 4884 Nlcolai

400 4926 514 5008 judicis
539 4927 571 4988 in
596 4947 710 5010 campo
735 4927 818 4990 dicte
842 4928 978 4990 civitatis
1003 4928 1085 4990 inter
1102 4927 1183 4989 duos
1208 4927 1333 5006 fluvios,
1359 4947 1459 4990 unum
1484 4949 1501 4990 a
1525 4941 1663 5009 septem·

401 5035 505 5098 trione
531 5049 561 5096 et
585 5037 624 5096 ab
658 5035 780 5098 oriente
813 5034 1053 5121 Kalynowycza
1089 5034 1209 5096 dictum
1246 5047 1276 5097 et
1307 5033 1450 5096 aliuma
1482 5033 1663 5098 meridione
