3816 5802
414 748 471 813 pro
497 743 625 791 centum
650 741 681 790 et
705 727 832 789 duobus
856 725 925 788 flor.
947 726 1014 787 auri
1040 722 1254 786 vendiderunt
1283 733 1439 804 perpetuo
1463 720 1672 802 possidendas

415 849 446 898 et
470 835 642 918 superinde
667 849 713 894 est
737 835 827 894 litera
853 833 911 893 sub
937 831 1088 912 pendenti
1121 829 1229 910 sigillo
1255 827 1494 889 communitatis
1519 843 1677 888 emanata.

417 943 494 1004 ltem
519 939 632 1023 prefati
651 939 798 1022 Matbyas
823 939 941 1000 Farkas
958 953 988 998 et
1005 938 1137 998 domina
1155 934 1329 996 Karberina
1346 952 1478 994 consors
1494 952 1561 1011 sua,
1578 953 1676 1014 quan-

413 1051 487 1110 dam
512 1049 686 1110 sessionem
711 1048 854 1128 ipsorum
879 1044 1119 1124 jobagionalem
1137 1061 1271 1104 vacuam
1296 1043 1329 1102 in
1353 1040 1514 1102 territorio
1539 1040 1676 1102 civitatis

413 1173 512 1238 prope
536 1153 671 1215 fluvium
696 1154 790 1214 Zawe
816 1153 846 1212 in
873 1151 950 1211 villa
976 1151 1136 1232 Pobresya
1162 1150 1244 1210 inter
1267 1147 1426 1230 predictas
1449 1147 1606 1209 sessiones
1629 1145 1677 1227 jo·

413 1259 601 1342 bagionales
631 1278 666 1319 ac
699 1259 780 1319 inter
812 1259 896 1318 viam
929 1275 1135 1318 communem
1169 1274 1279 1317 versus
1309 1268 1438 1336 portum
1470 1252 1558 1316 fluvii
1584 1254 1678 1314 Zawe

413 1366 587 1448 supradicti
612 1385 722 1426 versus
746 1377 875 1446 portum
895 1363 1082 1446 Kyralrywe
1105 1363 1226 1423 dictum
1244 1361 1397 1437 habitam,
1421 1379 1494 1422 cum
1511 1360 1576 1422 suis
1592 1359 1677 1420 utili·

413 1473 532 1535 tatibus
563 1470 687 1553 prefato
720 1469 930 1533 Metkadanth
964 1469 1168 1530 donaverunt
1198 1481 1355 1550 perpetuo
1387 1465 1614 1548 possidendam
1647 1479 1678 1526 et

413 1579 583 1662 superinde
609 1593 656 1638 est
680 1577 771 1638 litera
796 1579 855 1638 sub
880 1577 1032 1658 pendenti
1059 1575 1167 1656 sigillo
1191 1573 1431 1636 communitatis
1454 1587 1609 1634 emanata.

520 1684 598 1746 ltem
623 1684 833 1745 commissarii
859 1696 889 1742 et
913 1695 1099 1744 executores
1120 1681 1225 1742 ultimi
1251 1680 1433 1742 testamenti
1457 1678 1595 1740 condam
1619 1678 1663 1740 Vr

414 1792 482 1854 sule
508 1791 653 1853 mulieris
677 1790 787 1851 relicte
804 1790 941 1851 condam
961 1788 1113 1870 Stephani
1133 1787 1226 1865 jurati
1250 1785 1307 1848 filii
1337 1785 1497 1867 Gregorii,
1522 1785 1675 1866 quasdam

414 1899 493 1959 duas
517 1897 633 1958 domos
657 1896 802 1957 eiusdem
826 1895 940 1956 Vtsule
975 1894 1129 1972 mulieris,
1161 1912 1259 1954 unam
1292 1905 1450 1952 muratam
1475 1905 1505 1951 et
1536 1891 1675 1970 ligneam

414 2003 522 2081 aliam,
538 2003 634 2064 simul
656 2022 727 2063 curn
747 2000 855 2062 lundis
873 2017 903 2061 et
920 2001 1045 2062 celariis
1072 1999 1288 2061 subterraneis
1307 2018 1342 2060 ac
1361 1995 1525 2075 hedificiis,
1543 1997 1675 2077 aliisque

415 2110 536 2172 cunctis
568 2110 632 2169 suis
663 2109 855 2170 utilitatibus
886 2123 916 2168 et
949 2107 1153 2189 pertinenciis
1185 2106 1359 2184 universis,
1391 2123 1488 2164 unam
1521 2103 1676 2183 integram
1722 2158 1730 2175 ,

414 2216 535 2278 curiam
561 2215 600 2276 ad
626 2235 719 2276 usum
745 2216 827 2276 dicte
846 2215 985 2276 civitatis
1010 2215 1041 2274 in
1068 2233 1101 2274 se
1118 2213 1330 2290 continentes,
1351 2213 1434 2272 inter
1458 2210 1573 2271 domos
1597 2207 1676 2271 Gre-

413 2321 495 2403 gorii
521 2321 740 2403 Wrecharycb
767 2335 797 2382 et
822 2321 969 2400 Dyonisii
997 2320 1161 2396 institoris,
1195 2320 1233 2379 ab
1258 2338 1321 2379 una
1346 2333 1446 2399 parte,
1470 2331 1501 2378 et
1524 2331 1612 2398 parte
1636 2318 1676 2377 ab

414 2428 512 2488 altera
537 2427 670 2488 domine
695 2427 859 2489 Dorothee
892 2427 1016 2487 habitas
1041 2441 1071 2486 et
1102 2425 1282 2502 existentes,
1307 2425 1495 2485 auctoritate
1527 2422 1676 2484 commis-

415 2533 496 2594 saria
520 2533 739 2594 vendiderunt
769 2533 942 2594 Valentino
975 2531 1185 2594 Merkadanth
1218 2543 1374 2612 perpetuo
1406 2528 1615 2612 possidendas
1646 2543 1677 2589 et

414 2639 585 2722 superinde
611 2653 657 2700 est
682 2641 773 2700 litera
798 2641 857 2700 sub
882 2639 1035 2720 pendenti
1058 2637 1165 2718 sigillo
1195 2637 1434 2698 communitatis
1459 2649 1615 2698 emanata.

704 2860 785 2931 ltem
816 2862 849 2930 in
876 2859 989 2948 vigilia
1019 2861 1096 2930 festi
1128 2857 1392 2931 Purificacionis.

923 3015 963 3090 (1.
981 3015 1152 3091 februaris).

521 3155 598 3217 ltem
624 3155 754 3217 domina
781 3157 943 3218 Dorothea
968 3157 1032 3219 filia
1049 3158 1186 3218 condam
1213 3157 1352 3219 Ladislai
1379 3159 1418 3219 de
1443 3156 1610 3240 Elyewlgb
1627 3177 1673 3219 re-

414 3261 487 3322 licta
520 3261 657 3322 condam
690 3262 813 3323 domini
854 3265 963 3325 vicarii
997 3263 1136 3342 Thome,
1166 3265 1276 3326 vicarii
1309 3265 1459 3325 videlicet
1488 3265 1675 3346 temporalis

416 3367 619 3450 episcopatus
635 3369 861 3448 zagrabiensis,
885 3371 1000 3431 totales
1017 3372 1233 3452 possessiones
1254 3385 1285 3432 et
1308 3372 1478 3452 porciones
1501 3370 1674 3452 possessio·

415 3474 519 3534 uarias
544 3474 575 3533 in
600 3474 684 3535 dicta
709 3475 835 3536 civitate
862 3477 976 3536 eteius
1000 3478 1160 3538 territorio
1181 3497 1236 3538 seu
1255 3497 1369 3559 campo
1394 3477 1530 3538 civitatis
1555 3475 1674 3560 prefate

415 3579 550 3656 habitas,
575 3581 725 3643 videlicet
750 3582 923 3662 pallacium
949 3603 1004 3642 seu
1023 3583 1157 3644 domum
1178 3603 1269 3644 suam
1287 3596 1445 3644 muratam
1470 3602 1542 3644 curn
1568 3581 1674 3644 lundis

415 3701 445 3746 et
469 3685 626 3748 hedificiis
651 3689 769 3748 ibidem
797 3689 923 3765 habitis,
947 3691 978 3750 in
1009 3690 1135 3751 civitate
1168 3691 1309 3771 predicta
1334 3705 1419 3752 retro
1443 3689 1599 3772 capellam
1624 3708 1672 3751 ec·

415 3793 510 3854 clesie
535 3795 626 3856 beate
651 3796 784 3876 virginis
807 3795 950 3857 habitum
977 3811 1008 3858 et
1025 3797 1172 3874 existens,
1198 3798 1276 3858 duas
1293 3817 1365 3858 cum
1391 3797 1496 3859 media
1522 3797 1624 3858 curias
1641 3796 1671 3856 in

414 3919 447 3960 se
472 3899 622 3977 retinens,
647 3921 682 3961 ac
708 3901 860 3982 (h)ortum
886 3904 917 3962 in
942 3905 1097 3964 suburbio
1114 3905 1250 3966 civitatis
1271 3905 1424 3986 predicte,
1449 3923 1588 3965 necnon
1612 3917 1674 3963 tres

415 4018 514 4067 terras
537 4006 674 4066 arabiles
698 4027 769 4067 suas
795 4009 826 4067 in
855 4027 969 4090 campo
998 4010 1135 4071 civitatis
1166 4009 1287 4092 prefate
1320 4011 1442 4073 habitas
1473 4011 1585 4090 viginti
1621 4029 1673 4070 sex

414 4129 487 4171 cum
505 4110 609 4171 media
627 4111 728 4172 dietas
745 4128 825 4174 terre
843 4115 874 4174 in
897 4135 929 4174 se
946 4116 1156 4194 continentes,
1174 4137 1246 4178 cum
1263 4119 1328 4178 suis
1344 4138 1400 4178 seu
1425 4137 1535 4179 earum
1553 4117 1673 4178 cunctis

414 4217 606 4278 utilitatibus
630 4230 661 4279 et
684 4219 889 4299 pertinenciis
908 4222 1064 4282 universis
1093 4223 1193 4283 nobili
1213 4223 1281 4283 viro
1307 4224 1416 4284 Marco
1433 4221 1501 4284 filio
1519 4223 1673 4284 lobannis

414 4324 453 4384 de
478 4323 599 4385 Chawa
624 4338 658 4385 ut
681 4326 769 4407 prius
801 4327 917 4406 etjam
952 4343 1060 4389 nostro
1093 4331 1215 4391 concivi
1241 4351 1277 4391 ac
1301 4351 1357 4412 per
1390 4350 1463 4392 eum
1488 4332 1554 4392 suis
1585 4330 1673 4391 here·

414 4429 508 4491 dibus
532 4449 590 4511 pto
614 4433 764 4492 trecentis
789 4447 819 4493 et
836 4435 1070 4516 quinquaginta
1088 4435 1157 4499 flor.
1182 4437 1250 4497 auri
1279 4439 1317 4498 ab
1343 4437 1458 4499 eodem
1484 4439 1593 4498 Marco
1609 4437 1673 4518 jam

413 4534 508 4615 plene
533 4534 648 4597 habitis
672 4551 702 4597 et
728 4540 883 4619 perceptis
907 4541 1051 4601 vendidit
1067 4555 1222 4622 perpetuo
1250 4543 1478 4623 possidendam
1503 4556 1533 4604 et
1564 4563 1672 4626 super·

413 4640 489 4701 inde
514 4641 618 4701 eidem
644 4643 753 4704 Marco
771 4660 816 4704 est
838 4645 929 4706 litera
946 4647 1004 4707 sub
1022 4648 1174 4728 pendenti
1191 4649 1297 4729 sigillo
1315 4650 1554 4712 communitatis
1577 4650 1674 4732 privi-

414 4746 571 4827 legialiter
594 4747 737 4810 confecta
763 4765 793 4810 et
817 4765 972 4816 emanata.

520 4853 597 4914 ltem
624 4856 765 4916 Briccius
790 4859 926 4919 condam
953 4861 1090 4940 piscator
1117 4859 1201 4923 filius
1226 4861 1391 4942 lobannis,
1424 4864 1585 4944 quandam
1610 4877 1672 4925 sta·

413 4957 540 5020 cionem
566 4979 654 5021 suam
681 4977 838 5024 muratam
864 4967 895 5026 in
930 4967 1068 5047 quadam
1094 4967 1192 5030 domo
1225 4985 1348 5030 murata
1373 4971 1404 5031 in
1438 4971 1521 5031 dicta
1546 4971 1672 5032 civitate
