3840 5810
393 489 434 549 26
912 485 1000 544 Anno
1025 499 1115 562 1443.

1357 589 1655 597 —--—--—·————-

395 718 492 784 petuo
517 702 714 784 possidenda
736 717 768 763 et
791 699 964 783 superinde
988 713 1035 760 est
1058 699 1149 760 litera
1174 700 1233 759 sub
1261 697 1415 780 pendenti
1438 696 1547 778 sigillo
1571 715 1658 757 com·

395 812 562 872 munitatis
585 809 827 892 privilegialiter
850 820 1008 870 emanata.

393 1051 477 1122 ltern
507 1053 540 1120 in
568 1047 685 1136 vigilia
715 1048 792 1119 lesti
817 1045 1069 1119 Purificacionis
1098 1050 1194 1118 beate
1214 1066 1345 1134 semper
1371 1043 1512 1134 virginis
1541 1045 1657 1115 llarie.

883 1211 925 1276 (1.
946 1204 1117 1276 februarii).

499 1345 576 1406 item
602 1343 740 1424 quedam
764 1343 891 1422 domus,
909 1341 1039 1421 fundus,
1064 1343 1217 1406 celarium
1235 1355 1266 1404 et
1282 1340 1429 1403 hedifieia
1446 1340 1553 1402 medie
1570 1340 1658 1401 curie

393 1453 425 1513 in
451 1453 578 1513 civitate
603 1450 746 1533 predicta
783 1470 882 1532 penes
914 1449 1049 1512 domum
1082 1451 1200 1535 Frycze
1226 1449 1318 1530 jurati
1352 1447 1408 1510 filii
1442 1447 1597 1509 Johannis
1628 1459 1659 1507 et

393 1559 460 1620 vias
484 1578 539 1618 seu
565 1557 687 1640 plateas
710 1576 900 1618 communes
923 1556 1042 1636 habita,
1075 1558 1215 1618 mediam
1245 1557 1366 1618 curiam
1399 1555 1438 1616 ad
1464 1574 1558 1615 usum
1582 1553 1657 1615 civi-

392 1665 465 1728 tatis
489 1666 629 1748 predicte
656 1665 686 1725 in
711 1685 744 1726 se
768 1665 950 1744 continens,
976 1685 1048 1726 cum
1084 1665 1150 1726 suis
1174 1664 1367 1726 utilitatibus
1397 1677 1428 1723 et
1452 1660 1658 1744 pertinenciis

393 1773 550 1834 universis
579 1771 721 1853 Georgio
747 1771 873 1834 Croaco
891 1772 977 1834 dicto
995 1773 1141 1854 Jurycza,
1162 1772 1286 1834 concivi
1304 1785 1425 1848 nostro,
1449 1790 1486 1830 ac
1510 1789 1566 1851 per
1582 1787 1656 1828 eum

393 1879 458 1940 suis
482 1877 655 1940 heredibus
679 1898 735 1959 per
752 1879 981 1940 vendicionem
1008 1879 1207 1960 Margaretbe
1225 1877 1290 1939 filie
1313 1876 1492 1939 Sebastiani
1516 1875 1656 1936 salivene

394 2007 429 2048 ac
454 2007 511 2068 per
536 1987 751 2048 donacionem
779 1986 919 2048 Barbare
943 1985 1008 2048 filie
1040 1987 1177 2051 condam
1203 1985 1327 2067 Gaspar
1349 1984 1465 2046 literati
1502 1983 1657 2045 consortis

393 2093 549 2174 legittime
573 2092 717 2154 eiusdem
744 2091 875 2174 Georgii
902 2091 1016 2155 Croaci
1053 2107 1100 2155 est
1123 2108 1238 2154 statuta
1262 2092 1436 2154 literatorie
1460 2090 1653 2175 possidenda

394 2213 551 2282 perpetuo
583 2213 614 2262 et
645 2199 783 2262 tenenda
817 2214 847 2263 et
879 2199 1053 2283 superinde
1085 2215 1131 2262 est
1162 2201 1254 2262 litera
1287 2201 1346 2261 sub
1371 2197 1523 2281 pendenti
1548 2197 1656 2279 sigillo

395 2307 635 2392 communitatis
662 2320 821 2369 emanata.

500 2413 578 2475 ltem
604 2413 752 2496 Mathyas
769 2414 888 2474 Farkas
904 2413 990 2476 filius
1013 2414 1121 2495 Egidii
1145 2413 1184 2475 de
1202 2412 1350 2474 Klolroch
1375 2411 1537 2494 quandam
1565 2431 1655 2474 suatn

394 2521 583 2604 porcionem
609 2521 688 2583 silve
713 2521 745 2580 in
770 2521 931 2582 territorio
957 2535 1066 2584 nostro
1083 2541 1140 2582 seu
1163 2521 1299 2582 civitatis
1316 2519 1457 2603 predicte
1486 2520 1568 2581 inter
1583 2538 1656 2601 por-

394 2630 521 2691 cionem
546 2628 641 2690 vinee
666 2641 697 2689 et
721 2628 800 2688 silve
825 2629 952 2710 providi
976 2629 1035 2690 viri
1058 2627 1190 2709 Georgii
1216 2629 1307 2690 aliter
1324 2629 1457 2710 Jurycza
1482 2626 1597 2705 vocati,
1620 2645 1656 2687 ac

394 2737 476 2797 inter
499 2736 626 2798 vineam
652 2749 683 2796 et
707 2734 859 2816 (hlortum
884 2756 940 2797 seu
964 2737 1072 2798 locum
1097 2735 1214 2797 stabuli
1236 2749 1267 2797 et
1290 2735 1404 2817 (h)orei
1428 2733 1591 2796 Valentini
1609 2734 1655 2816 ju-

394 2843 463 2920 rati,
488 2862 545 2904 nec
570 2861 635 2903 non
660 2841 743 2903 inter
767 2842 880 2904 silvam
904 2863 960 2905 seu
985 2843 1172 2924 porcionem
1193 2843 1273 2904 silve
1298 2841 1428 2924 Mathye
1452 2841 1581 2902 sartoris
1608 2839 1654 2922 ju-

391 2949 449 3010 rati
475 2949 616 3010 concivis
641 2949 740 3010 nostri
765 2947 821 3009 filii
848 2949 987 3031 Mathye,
1008 2963 1038 3010 et
1062 2950 1193 3011 honeste
1223 2949 1330 3031 puelle
1356 2947 1529 3009 Katherine
1561 2947 1652 3009 aliter

395 3057 551 3139 Werycza
576 3069 689 3118 vocate
724 3054 878 3134 habitam,
911 3057 1087 3137 desupera
1122 3057 1171 3117 via
1196 3055 1360 3118 communi
1394 3069 1424 3116 et
1448 3053 1530 3115 infra
1554 3073 1655 3135 usque

394 3163 531 3224 rivulum
557 3183 590 3224 se
623 3163 859 3242 extendentem,
892 3163 1036 3246 predicto
1071 3163 1214 3244 Georgio
1247 3163 1372 3225 Croaco
1404 3162 1496 3223 aliter
1520 3162 1654 3243 Jurycza

394 3281 508 3329 vocato
542 3289 600 3351 pro
628 3269 769 3351 quadam
793 3271 946 3352 porcione
974 3271 1053 3332 silve
1082 3271 1181 3351 ipsius
1206 3269 1338 3352 Georgii
1363 3269 1498 3351 Jurycza
1523 3268 1554 3328 in
1583 3287 1654 3349 pre-

394 3376 477 3437 dicta
502 3376 656 3457 porcione
689 3377 768 3438 silve
801 3378 901 3458 ipsius
932 3377 1066 3459 Georgii
1098 3377 1216 3454 habita,
1248 3396 1304 3458 per
1336 3376 1470 3438 modum
1494 3387 1655 3456 permuta·

393 3483 495 3544 cionis
520 3497 551 3544 et
575 3483 755 3544 concambii
781 3483 920 3545 dedisset
940 3499 1096 3566 perpetuo
1113 3483 1341 3565 possidendam
1366 3496 1396 3544 et
1419 3481 1592 3564 superinde
1609 3493 1656 3542 eat

393 3589 482 3650 litera
507 3590 566 3650 sub
591 3589 744 3670 pendenti
769 3589 876 3670 sigillo
901 3591 1139 3651 communitatis
1164 3590 1405 3671 privilegialiter
1429 3601 1586 3649 emanata.

498 3697 575 3758 Item
602 3695 762 3778 Georgius
796 3698 969 3777 agricultor
993 3696 1077 3758 lilius
1102 3696 1187 3758 Galli
1216 3697 1378 3780 quandam
1404 3696 1538 3757 domum
1563 3714 1652 3755 suam

392 3822 465 3864 cum
490 3801 591 3863 lundo
616 3816 647 3864 et
670 3801 827 3865 hedificiis
852 3804 949 3885 lignei
975 3804 1082 3884 operis
1106 3805 1137 3864 in
1170 3805 1253 3865 dicta
1278 3804 1405 3865 civitate
1430 3803 1512 3864 inter
1536 3799 1655 3862 fundos

393 3923 424 3970 et
456 3909 571 3970 domos
603 3910 779 3971 liberorum
811 3912 950 3972 condam
983 3910 1139 3972 Anthonii
1172 3909 1374 3992 Jerihowych
1407 3909 1494 3986 dicti,
1527 3909 1567 3968 ab
1592 3925 1655 3968 una

392 4029 491 4096 parte,
514 4017 554 4075 ab
579 4016 676 4078 altera
701 4037 777 4076 vero
795 4017 942 4078 similiter
966 4017 1140 4078 liberorum
1160 4017 1297 4078 condam
1322 4015 1447 4077 Nicolai
1474 4012 1651 4096 Petrenych

391 4121 544 4200 habitam,
569 4123 709 4184 rnediam
734 4123 855 4184 curiam
880 4124 911 4184 in
937 4144 970 4184 se
995 4125 1225 4201 continentem,
1250 4141 1322 4184 curn
1347 4123 1412 4182 suis
1448 4119 1653 4202 pertinenciis

393 4228 534 4310 Georgio
559 4227 649 4290 fabro
674 4229 741 4291 filio
762 4229 936 4308 Valentini,
962 4231 1086 4292 concivi
1105 4245 1224 4307 nostro,
1248 4229 1278 4289 in
1306 4228 1531 4290 concambium
1548 4227 1653 4288 cuius·

391 4335 464 4397 darn
490 4336 606 4397 domus
630 4349 660 4396 et
685 4335 775 4396 fundi
800 4335 848 4397 sui
875 4338 969 4398 unius
986 4351 1096 4418 quarte
1121 4337 1208 4397 curie
1239 4336 1268 4396 in
1288 4335 1400 4396 eadem
1426 4334 1553 4395 civitate
1570 4333 1652 4394 inter

391 4441 506 4504 domos
530 4457 561 4504 et
585 4442 703 4504 fundos
728 4442 857 4504 Thorne
876 4444 950 4504 dicti
977 4443 1114 4524 Konych
1132 4457 1163 4503 et
1180 4443 1303 4503 domini
1329 4441 1507 4503 Clementis
1531 4440 1651 4521 presbi-

391 4550 446 4609 teri
473 4549 655 4611 concivium
681 4563 864 4610 nostrorum
894 4549 1010 4627 habite,
1036 4569 1071 4610 ac
1095 4568 1153 4630 pro
1183 4548 1403 4610 additamento
1421 4547 1564 4628 quinque
1583 4545 1652 4607 flor.

390 4656 457 4716 auri
483 4654 571 4716 dedit
594 4669 750 4738 perpetuo
783 4654 1010 4737 possidendam
1037 4669 1068 4717 et
1098 4654 1271 4736 superinde
1296 4668 1342 4716 est
1374 4655 1464 4715 litera
1489 4655 1548 4714 sub
1573 4672 1652 4734 pen-

391 4761 478 4822 denti
504 4761 612 4840 sigillo
637 4762 879 4823 communitatis
903 4761 1146 4842 privilegialiter
1178 4777 1335 4823 emanata.
1402 4773 1408 4782 '

496 4867 573 4928 Item
600 4867 759 4949 Georgius
784 4867 872 4929 faber
897 4868 1059 4949 predictus
1084 4867 1168 4929 filius
1192 4868 1354 4951 Valentini
1391 4867 1567 4949 predictam
1593 4864 1650 4926 do·

392 4993 481 5034 mum
506 4987 537 5035 et
563 4973 699 5036 fundum
724 4993 815 5036 suurn
843 4974 938 5036 unius
956 4987 1067 5056 quarte
1093 4975 1123 5035 in
1142 4975 1303 5037 vicinitate
1328 4974 1470 5058 predicta
1496 4973 1651 5052 habiturn,
