3816 5802
769 536 970 612 Ann01449.
1446 556 1498 596 ιιι

237 767 273 809 ac
286 745 520 826 hedificiorum,
533 766 630 809 unam
647 747 794 808 similiter
810 761 955 829 quartam
974 747 1060 808 curie
1079 747 1109 807 in
1127 767 1161 809 se
1177 748 1408 826 continentem,
1425 770 1498 811 cum

238 854 304 916 suis
327 853 519 916 utilitatibus
536 867 567 915 et
584 853 790 936 pertinenciis
807 853 963 915 universis
981 853 1098 914 Paulus
1115 852 1200 916 iilius
1217 855 1353 936 predicti
1372 854 1501 940 Mathye

239 959 350 1024 Filech
375 960 519 1042 predicto
545 960 684 1022 iohanni
704 961 840 1022 institori
862 961 987 1021 sororio
1006 980 1064 1022 suo
1089 979 1149 1043 pro
1166 961 1277 1022 decem
1295 981 1368 1024 cum
1393 961 1503 1024 medio

239 1065 309 1130 flor.
333 1067 402 1129 auri
427 1067 574 1130 vendidit
591 1081 747 1150 perpetuo
764 1067 993 1150 possidendam
1012 1080 1043 1129 et
1067 1067 1239 1150 superinde
1264 1079 1310 1130 est
1333 1067 1424 1130 litera
1443 1069 1502 1151 ipsi

237 1173 377 1236 Jobanni
403 1173 541 1236 institori
565 1175 625 1236 sub
648 1173 803 1255 pendenti
828 1173 942 1254 sigillo
975 1174 1217 1236 communitatis
1240 1189 1396 1236 emanata.

343 1280 421 1344 item
446 1280 592 1363 predicta
618 1279 719 1342 Elena
744 1279 864 1342 mulier
886 1278 952 1342 filia
987 1280 1087 1363 ipsius
1114 1279 1243 1364 Mathye
1269 1280 1412 1360 Philech,
1437 1299 1502 1342 me-

239 1387 390 1450 dietatem
423 1387 591 1449 cuiusdam
623 1387 716 1448 vinee
748 1385 883 1468 predicti
915 1386 1014 1467 patris
1045 1387 1094 1448 sui
1129 1386 1258 1470 Mathye
1283 1386 1316 1448 iu
1340 1387 1502 1450 territorio

238 1492 374 1555 civitatis
397 1493 552 1575 predicte,
576 1507 607 1555 et
631 1507 713 1555 terre
737 1512 832 1575 supra
858 1491 960 1575 ipsam
978 1492 1098 1572 habite,
1124 1493 1155 1554 in
1180 1492 1342 1556 territorio
1367 1492 1503 1554 civitatis

239 1597 361 1683 prefate
385 1597 505 1678 habite,
530 1599 612 1661 inter
637 1599 721 1660 viam
747 1617 953 1660 communem
980 1598 1221 1660 a'meridionali
1246 1612 1346 1681 parte,
1371 1611 1402 1661 et
1420 1599 1502 1660 inter

238 1706 365 1767 vineam
391 1705 572 1768 Clementis
594 1705 711 1768 sutoris
734 1702 792 1766 lilii
817 1704 901 1766 Petri
920 1704 944 1766 F
949 1703 1082 1789 udrych,
1099 1706 1139 1766 ab
1157 1705 1270 1766 eadem
1297 1703 1500 1766 meridionali

238 1826 327 1895 parte
351 1812 507 1892 habitam,
539 1831 575 1874 ac
608 1812 690 1874 inter
722 1825 838 1874 terram
872 1830 928 1872 seu
961 1809 1114 1892 (h)ortum
1148 1830 1186 1872 ac
1218 1811 1346 1873 vineam
1370 1809 1502 1873 domine

239 1919 340 1981 Elene
364 1918 474 1981 relicte
499 1917 637 1982 condam
664 1917 818 1980 Demetrii
837 1917 992 1980 institoris
1016 1931 1047 1979 et
1064 1937 1150 1978 nunc
1166 1918 1323 1980 consortis
1347 1916 1502 1980 lobannis

240 2025 405 2103 institoris,
427 2045 444 2087 a
469 2025 698 2107 septemtrione
722 2025 828 2102 sitam,
857 2023 993 2106 desuper
1026 2024 1118 2085 avia
1143 2025 1309 2086 communi
1335 2043 1408 2086 cum
1426 2025 1501 2106 ipsa

239 2147 321 2194 terra
346 2133 484 2216 desuper
508 2130 674 2212 adjacente
691 2145 723 2194 et
747 2129 828 2192 inira
854 2149 956 2212 usque
974 2129 1114 2192 rivulum
1139 2151 1172 2192 se
1197 2130 1410 2210 extendentis,
1427 2149 1500 2192 cum

238 2239 304 2300 suis
327 2237 519 2299 utilitatibus
549 2249 580 2299 et
612 2235 818 2323 pertinenciis
850 2236 1007 2297 universis
1039 2233 1163 2315 prefato
1198 2235 1337 2298 Johanni
1364 2235 1500 2298 institori

238 2345 308 2406 viro
333 2363 393 2405 suo
417 2342 578 2426 legittimo
603 2343 737 2404 donavit
761 2357 917 2424 perpetuo
943 2341 1183 2424 possidendam.

342 2451 421 2514 Item
444 2451 653 2514 Sebastianus
671 2449 822 2513 Soldinar
838 2447 924 2510 filius
941 2449 1108 2510 Radkonis
1124 2448 1164 2510 de
1182 2449 1346 2532 Rowysno
1376 2448 1499 2531 pridem

236 2556 359 2638 juratus
383 2556 592 2639 concitisque
617 2571 734 2636 noster,
759 2555 922 2638 quandam
941 2555 1067 2617 vineam
1086 2565 1177 2616 suam
1196 2555 1226 2616 in
1246 2554 1406 2617 territorio
1424 2555 1501 2616 civi-

235 2663 309 2726 tatis
342 2664 483 2748 predicte
515 2664 598 2724 inter
629 2665 757 2724 vineam
791 2661 959 2724 Benedicti
991 2659 1048 2722 filii
1081 2661 1193 2723 Jacobi
1230 2661 1305 2722 dicti
1333 2660 1500 2739 Pulecz,a

236 2770 427 2850 meridiane,
452 2783 483 2832 et
507 2769 590 2831 inter
613 2769 741 2831 vineam
764 2768 865 2830 Elene
890 2767 999 2831 relicte
1018 2767 1156 2830 condam
1182 2767 1276 2852 Gyan
1300 2767 1456 2846 habitam,
1482 2787 1501 2828 a

235 2876 477 2959 septemtrione,
493 2876 630 2958 desuper
653 2896 670 2938 a
696 2875 745 2937 via
763 2875 928 2936 communi
955 2888 985 2935 et
1002 2871 1082 2934 inira
1105 2893 1206 2955 usque
1233 2873 1386 2954 rivulum,
1403 2873 1500 2935 simul

236 3002 308 3044 cum
334 2983 473 3064 virgulto
498 2983 558 3044 sibi
576 2982 753 3064 subjacenti
778 3002 809 3042 se
828 2981 1066 3058 extendentem,
1084 2999 1181 3061 quam
1199 2981 1266 3063 ipse
1293 2979 1501 3042 Sebastianus

235 3110 251 3150 a
288 3087 413 3172 prefato
438 3089 615 3152 Benedicto
644 3087 712 3150 filio
748 3088 847 3171 ipsius
876 3087 987 3149 Jacobi
1015 3086 1131 3147 Pulecz
1168 3106 1226 3169 pro
1254 3099 1339 3148 certa
1363 3085 1499 3168 pecunie

235 3195 414 3278 quantitate
439 3193 578 3257 Jobanni
612 3194 750 3256 institori
783 3193 967 3276 supradicto
999 3211 1058 3275 pro
1090 3192 1200 3253 decem
1234 3207 1264 3254 et
1288 3211 1405 3254 novem
1430 3190 1499 3256 flor.

234 3303 303 3363 auri
328 3301 475 3364 vendidit
507 3313 665 3384 perpetuo
697 3299 924 3383 possidendam
960 3313 991 3360 et
1029 3298 1200 3381 superinde
1233 3297 1309 3381 ipsis
1341 3299 1501 3359 ambobus

233 3408 385 3471 videlicet
409 3421 474 3470 tam
501 3408 660 3470 venditori
688 3427 785 3489 quam
810 3406 947 3489 emptori
980 3417 1054 3466 sunt
1085 3405 1176 3468 litere
1200 3404 1418 3488 privilegiales
1441 3405 1500 3465 sub

234 3517 388 3600 pendenti
413 3515 521 3597 sigillo
546 3513 791 3577 communitatis
814 3525 974 3576 emanate.
