3832 5804
395 761 514 822 militer
537 773 692 842 perpetuo
710 757 903 842 possidenda
928 771 960 820 et
980 757 1152 840 superinde
1170 757 1320 839 predictis
1336 759 1492 819 ambabus
1509 758 1654 840 partibus

395 881 468 930 sunt
492 867 583 929 litere
607 865 823 949 pariiormiter
839 867 898 927 sub
922 864 1077 947 pendenti
1094 864 1201 946 sigillo
1226 863 1465 926 communitatis
1492 877 1650 926 emanate.

502 973 579 1036 ltem
606 973 752 1035 Thomas
784 985 886 1034 sartor
918 971 1057 1054 Barbaty
1088 970 1234 1032 vendidit
1258 970 1385 1032 vineam
1417 990 1508 1032 suam
1540 990 1651 1032 censu·

395 1081 478 1142 alem
504 1080 632 1142 claustri
658 1081 749 1141 beate
775 1077 875 1140 Marie
899 1077 1033 1158 virginis
1057 1077 1197 1138 Martino
1214 1075 1354 1157 agricole
1378 1074 1446 1138 filio
1470 1076 1590 1137 Vrbani
1616 1075 1656 1137 de

395 1187 559 1270 Krappina
591 1199 748 1268 perpetuo
779 1183 1028 1268 possidendam,
1064 1183 1104 1246 de
1137 1203 1200 1265 qua
1233 1183 1293 1266 ipsi
1324 1183 1463 1246 claustro
1495 1183 1557 1244 due
1582 1202 1656 1244 cum

394 1293 502 1354 medio
527 1291 616 1354 iunte
640 1311 710 1354 cere
734 1291 928 1374 proveniunt
963 1304 994 1351 et
1017 1289 1189 1372 superinde
1217 1304 1263 1351 est
1287 1289 1377 1352 litera
1402 1291 1461 1352 sub
1499 1289 1652 1372 pendenti

394 1399 501 1481 sigillo
527 1398 768 1461 communitatis
792 1412 949 1459 emanata.

502 1505 579 1566 ltem
605 1504 752 1586 Mathyas
776 1501 862 1564 filius
886 1503 1024 1565 condam
1043 1502 1177 1584 Georgii
1202 1503 1406 1586 carpentarii,
1431 1501 1594 1585 quandam
1612 1502 1657 1562 vi·

396 1631 489 1674 neam
514 1631 604 1672 suam
630 1610 888 1672 condicionalem
915 1611 946 1672 in
981 1610 1141 1672 territorio
1166 1609 1304 1672 civitatis
1336 1610 1418 1671 inter
1442 1609 1571 1670 vineam
1595 1608 1658 1670 Va·

396 1719 508 1781 lentini
533 1717 591 1780 filii
616 1717 746 1780 Thome
770 1716 918 1799 preconis
935 1716 1098 1778 mediante
1117 1714 1249 1794 fossato,
1275 1729 1305 1777 et
1330 1716 1411 1776 inter
1435 1715 1564 1777 vineam
1581 1712 1657 1778 Cle·

395 1826 511 1888 mentis
535 1823 615 1886 fabri
641 1843 677 1885 ac
702 1824 769 1884 vias
793 1842 982 1884 communes
1016 1822 1169 1901 habitam,
1202 1822 1361 1904 Gregorio
1395 1820 1578 1904 lagychych
1599 1831 1667 1902 pro·

394 1931 496 1994 tribus
521 1931 590 1994 flor.
615 1929 684 1992 auri
710 1929 855 1992 vendidit
886 1943 1043 2011 perpetuo
1075 1929 1303 2010 possidendam
1333 1929 1387 2006 ita,
1412 1927 1500 2009 quod
1526 1927 1565 1988 de
1591 1928 1658 2009 ipsa

395 2040 489 2100 vinea
514 2037 609 2099 debet
626 2036 700 2096 dare
726 2036 766 2096 ad
784 2035 972 2096 comitatum
991 2048 1137 2097 nostrum
1155 2049 1302 2117 quartam
1319 2048 1442 2117 partem
1466 2033 1560 2094 unius
1577 2032 1659 2112 lion,

396 2157 428 2208 et
450 2144 622 2227 superinde
648 2157 694 2204 est
718 2142 809 2204 litera
841 2145 901 2204 sub
926 2142 1077 2223 pendenti
1103 2142 1210 2224 sigillo
1235 2143 1477 2204 communitatis
1500 2154 1658 2202 emanata.

502 2249 580 2312 ltem
607 2249 718 2310 Petrus
743 2247 863 2331 lwsych
895 2246 980 2308 filius
1012 2247 1179 2326 lobannis,
1211 2247 1375 2329 quandam
1409 2248 1535 2308 vineam
1568 2267 1657 2308 suam

398 2357 480 2418 inter
504 2357 631 2417 vineam
650 2354 817 2436 hospitalis
834 2354 933 2415 nostri
959 2354 1141 2415 communis
1159 2356 1249 2416 beate
1269 2354 1369 2415 Marie
1387 2373 1514 2436 semper
1527 2353 1660 2435 virginis

396 2477 427 2524 et
451 2463 533 2524 inter
557 2461 685 2522 vineam
713 2459 858 2544 Dyonisii
885 2460 1039 2521 institoris
1069 2459 1223 2538 habitam,
1248 2461 1288 2522 ab
1321 2479 1387 2522 uno
1412 2458 1512 2522 fluvio
1536 2459 1659 2542 Zazyd·

396 2572 480 2653 nyak
505 2583 619 2630 vocato
644 2583 675 2629 et
699 2587 799 2650 usque
824 2567 924 2629 alium
949 2566 1083 2629 fluvium
1109 2569 1191 2629 ultra
1217 2581 1362 2628 montem
1387 2567 1532 2628 habitum
1557 2586 1590 2628 se
1607 2586 1660 2628 ex-

396 2675 594 2752 tendentem,
619 2673 763 2755 predicto
785 2673 936 2754 hospitali
962 2689 1070 2736 nostro
1089 2674 1253 2736 communi
1271 2693 1329 2756 pro
1347 2693 1400 2734 sex
1419 2671 1488 2735 flor.
1515 2672 1661 2734 vendidit

396 2795 553 2864 perpetuo
577 2779 804 2862 possidendam
831 2793 862 2842 et
884 2779 1057 2863 superinde
1089 2795 1135 2842 est
1158 2780 1250 2843 litera
1284 2782 1342 2842 sub
1372 2778 1527 2862 pendenti
1551 2779 1659 2862 sigillo

396 2887 636 2950 communitatis
664 2900 822 2950 emanata.

501 2992 579 3054 ltem
596 2991 731 3054 domum
757 3007 914 3054 muratam
930 3011 1004 3054 cum
1030 2991 1132 3054 fundo
1158 3007 1188 3053 et
1205 2991 1373 3071 hedificiis,
1398 3011 1494 3054 unam
1513 3005 1660 3072 quartam

397 3098 483 3160 curie
518 3098 549 3160 in
583 3118 616 3158 se
648 3100 879 3176 continentem,
911 3103 1003 3160 cuius
1035 3098 1241 3160 medietatem
1275 3121 1291 3161 a
1324 3099 1555 3160 communitate
1581 3098 1660 3160 emit

398 3204 573 3287 Dyonisius
597 3204 700 3267 dictus
726 3205 910 3290 Wodopya‚
935 3219 965 3266 et
993 3205 1090 3266 aliam
1116 3206 1322 3268 medietatem
1355 3226 1371 3266 a
1397 3205 1532 3267 domino
1557 3205 1659 3266 Paulo

397 3311 575 3394 presbitero
599 3310 666 3372 filio
690 3312 828 3374 condam
853 3313 987 3374 Fabiani
1004 3313 1171 3395 piscatoris
1189 3314 1277 3388 emit,
1303 3313 1519 3374 communitas
1544 3311 1659 3375 confir·

397 3418 497 3479 mavit
521 3417 629 3498 sigillo
654 3419 819 3480 communi
844 3433 1000 3500 perpetuo
1022 3419 1263 3500 possidendam.

501 3523 579 3586 ltem
599 3523 777 3606 Elyzabeth
803 3525 946 3586 Dobrota
959 3527 1126 3607 ⁴quandam
1145 3528 1271 3588 vineam
1296 3548 1387 3590 suam
1406 3547 1478 3589 curn
1503 3527 1582 3588 silva
1599 3525 1660 3587 sibi

396 3629 556 3708 attinenti,
581 3631 663 3692 inter
679 3631 806 3692 vineam
832 3631 968 3694 Emerici
989 3633 1136 3716 Wranyn
1154 3647 1185 3696 et
1202 3634 1282 3696 inter
1311 3635 1439 3696 vineam
1463 3653 1519 3694 seu
1543 3633 1657 3694 silvam

396 3734 552 3797 Anthonii
577 3735 671 3817 jurati
697 3736 849 3816 habitam,
874 3739 1019 3820 predicto
1041 3739 1189 3800 Emerico
1213 3739 1358 3801 vendidit
1375 3753 1531 3823 perpetuo
1556 3739 1658 3821 possi-

396 3841 535 3903 dendam
561 3856 592 3904 et
616 3843 787 3925 superinde
812 3857 858 3906 est
883 3845 942 3906 sibi
968 3845 1059 3906 litera
1083 3847 1142 3906 sub
1167 3846 1320 3927 pendenti
1345 3845 1453 3927 sigillo
1477 3845 1658 3907 communi-

396 3949 468 4009 tatis
492 3963 649 4012 emanata.

502 4056 579 4118 ltem
606 4057 708 4117 Lucas
732 4057 872 4137 agricola
903 4057 1006 4119 dictus
1039 4057 1182 4140 Pedsych
1207 4058 1292 4120 filius
1324 4059 1450 4122 Nicolai
1494 4058 1657 4141 quandam

396 4163 529 4222 domum
548 4182 649 4240 suam,
674 4175 797 4244 partem
821 4163 972 4225 videlicet
994 4164 1206 4245 posteriorem
1224 4165 1390 4226 cuiusdam
1416 4166 1543 4243 domus,
1569 4166 1659 4227 cuius

395 4270 512 4330 domus
536 4268 632 4330 aliam
667 4269 871 4332 medietatem
905 4271 1014 4332 relicta
1046 4272 1184 4332 condam
1218 4272 1308 4334 Pauli
1340 4271 1468 4355 Gerycb
1493 4272 1658 4355 possidere

395 4375 631 4452 dinoscebatur,
664 4375 806 4456 Georgio
838 4377 950 4438 sartori
983 4376 1050 4438 filio
1084 4378 1231 4460 Dyonisii
1263 4399 1349 4440 novo
1389 4379 1514 4441 concivi
1549 4392 1658 4440 nostro

395 4481 541 4542 vendidit
565 4495 719 4562 perpetuo
736 4482 962 4563 possidendam
985 4497 1016 4545 et
1044 4484 1215 4566 superinde
1233 4498 1280 4547 est
1304 4485 1364 4546 sibi
1389 4481 1478 4546 litera
1496 4488 1555 4547 sub
1580 4505 1657 4568 pen·

395 4586 482 4647 denti
507 4586 615 4668 sigillo
640 4587 878 4650 communitatis
902 4604 1059 4651 emanata.

502 4692 580 4753 ltem
599 4692 751 4754 Nicolaus
776 4693 870 4773 judex
895 4695 1068 4775 quemdam
1088 4695 1241 4777 (h)0rtum
1262 4717 1356 4758 suum
1374 4697 1502 4759 civilem
1528 4698 1560 4758 in
1585 4699 1657 4759 sub-

395 4799 487 4860 urbio
512 4799 648 4860 civitatis
673 4799 754 4860 inter
778 4800 935 4882 (h)0rtum
961 4801 1090 4863 Thome
1123 4803 1293 4883 ireniparis
1324 4803 1418 4884 jurati
1444 4817 1475 4865 et
1500 4804 1580 4886 Elye
1607 4824 1656 4865 su·

396 4905 475 4964 toris
499 4903 655 4982 habiturn,
681 4905 808 4966 Thome
834 4907 938 4986 jurato
964 4907 1029 4969 filio
1055 4909 1165 4970 Jacobi
1200 4909 1345 4971 vendidit
1376 4925 1533 4994 perpetuo
1558 4913 1656 4994 possi·

395 5007 537 5069 dendum
563 5025 593 5072 et
617 5011 789 5092 superinde
814 5025 860 5074 est
892 5013 981 5074 litera
1013 5015 1072 5075 sub
1106 5015 1259 5097 pendenti
1283 5017 1392 5098 sigillo
1417 5019 1657 5080 communitatis

396 5113 457 5174 sibi
483 5131 637 5179 emanata.
