3816 5802
376 519 419 598 84
896 520 984 579 Anno
1008 531 1098 598 1447.

1148 629 1638 636 -.—-.—..-———.—

376 731 509 811 oriente,
533 746 565 794 et
588 733 670 794 inter
693 733 820 795 vineam
839 732 967 796 Thome
991 732 1049 796 filii
1069 733 1209 812 Andree,
1231 735 1271 794 ab
1295 732 1475 814 occidente,
1499 754 1640 797 necnon

375 837 513 920 desuper
538 859 555 900 a
579 840 808 922 septemtrione
833 839 916 900 iuter
939 840 1068 901 vineam
1088 839 1263 902 liberorum
1290 839 1427 902 condam
1453 840 1642 904 Allesandri

374 957 406 1007 et
430 946 470 1006 ab
494 944 576 1007 inira
601 965 618 1007 a
644 946 823 1008 meridione
849 945 933 1008 inter
956 959 1072 1008 terram
1090 945 1301 1028 jobagionum
1326 946 1366 1007 de
1392 947 1560 1009 Kralewcz
1575 943 1641 1010 ¹ha·

375 1051 487 1131 bitam,
512 1052 630 1133 Egidio
655 1053 796 1132 agricole
819 1049 888 1114 filio
906 1050 1039 1133 Georgii
1057 1051 1156 1113 villici
1182 1051 1222 1113 de
1240 1052 1419 1114 Rakkonolr
1443 1073 1503 1135 pro
1519 1065 1644 1136 septem

374 1158 480 1240 pensis
504 1157 711 1220 denariorum
736 1157 881 1220 vendidit
904 1171 1060 1240 perpetuo
1084 1158 1313 1240 possidendam
1338 1172 1369 1220 et
1389 1159 1563 1242 superinde
1595 1173 1643 1221 est

374 1265 466 1328 litera
489 1266 548 1328 sub
573 1265 726 1348 pendenti
750 1265 858 1348 sigillo
883 1265 1124 1328 communitatis
1148 1279 1309 1328 emanata.

480 1371 558 1435 ltem
584 1373 762 1456 Elyzabeth
786 1373 896 1434 relicta
926 1371 1063 1434 condam
1097 1373 1226 1435 Martini
1252 1374 1453 1436 Kusmanow
1477 1374 1640 1456 quandam

375 1478 581 1542 medietatem
605 1479 770 1542 cuiusdam
802 1480 895 1541 vinee
927 1499 982 1541 sue
1008 1493 1038 1542 et
1069 1477 1126 1542 filii
1158 1479 1206 1542 sui
1240 1481 1272 1541 in
1304 1480 1465 1542 territorio
1506 1480 1642 1543 civitatis

375 1585 458 1648 inter
482 1585 610 1649 vineam
642 1585 740 1648 Blasii
771 1584 876 1668 jurati,
907 1605 924 1646 a
956 1585 1146 1664 meridione,
1171 1599 1202 1647 et
1233 1586 1362 1669 Mathye
1395 1586 1488 1668 jurati
1526 1609 1542 1648 a
1569 1607 1641 1670 sep·

376 1691 549 1754 temtrione
574 1691 692 1771 habite,
717 1691 854 1774 desuper
885 1692 1092 1754 acommuni
1124 1692 1231 1754 viaet
1262 1692 1344 1754 inira
1371 1713 1474 1774 usque
1499 1693 1639 1755 rivulum

376 1817 448 1860 cum
474 1799 614 1880 virgulto
646 1799 706 1861 sibi
740 1798 933 1881 subjacentis
966 1817 999 1860 se
1031 1799 1242 1877 extendentis,
1274 1799 1480 1862 medietatem
1506 1800 1641 1862 vineea

374 1917 463 1987 parte
487 1903 571 1966 dicte
596 1904 688 1966 vinee
705 1905 805 1987 ipsius
822 1904 951 1990 Mathye
968 1903 1062 1986 jurati
1079 1905 1172 1966 sitam
1197 1917 1228 1968 et
1244 1904 1444 1986 adjacentem
1474 1904 1641 1968 Anthonio

375 2011 443 2075 lilio
467 2012 632 2075 Benedicti
657 2012 697 2074 de
721 2012 874 2075 Jalsewcz
902 2011 970 2074 filio
994 2024 1162 2074 matertere
1179 2033 1236 2074 sue
1254 2033 1312 2095 pro
1337 2012 1450 2075 decem
1474 2013 1545 2076 flor.
1570 2013 1638 2074 auri

374 2118 521 2180 vendidit
543 2132 699 2202 perpetuo
723 2118 952 2201 possidendam
973 2132 1003 2180 et
1026 2119 1199 2200 superinde
1217 2133 1263 2180 est
1285 2119 1377 2180 litera
1401 2121 1461 2181 sub
1486 2119 1639 2202 pendenti

376 2225 484 2306 sigillo
508 2225 750 2288 communitatis
777 2238 934 2288 emanata.

429 2465 513 2537 ltem
540 2463 573 2536 in
602 2462 718 2553 vigilia
741 2463 821 2535 festi
850 2461 1103 2536 Purificacionis
1125 2465 1268 2552 virginis
1296 2461 1442 2552 gloriose
1471 2464 1586 2535 llarie.

897 2621 938 2690 (ι.
954 2617 1131 2693 firmarit).

479 2757 557 2821 Item
582 2759 738 2820 Martinus
760 2757 857 2837 judex
882 2771 990 2820 noster
1006 2757 1181 2820 modernus
1206 2757 1369 2839 quandam
1394 2758 1528 2820 domum
1546 2777 1637 2819 suam

374 2866 514 2948 ligneam
539 2865 636 2926 simul
660 2885 733 2927 cum
765 2862 868 2928 fundo
900 2879 931 2927 et
962 2865 1079 2927 celario
1111 2865 1320 2927 subterraneo
1353 2885 1388 2926 ac
1420 2863 1576 2926 hedificiis
1607 2864 1638 2924 in

375 2973 501 3034 civitate
526 2971 667 3054 predicta
692 2973 773 3033 inter
797 2972 893 3033 aliam
919 2971 1053 3034 domum
1086 2991 1177 3032 suam
1211 2984 1370 3033 muratam
1395 2984 1426 3032 et
1450 2969 1597 3048 fundum,
1622 2991 1639 3031 a

375 3078 614 3160 septemtrione,
639 3089 670 3138 et
693 3078 775 3138 iuter
800 3075 937 3139 fundum
963 3093 993 3138 et
1025 3077 1159 3140 domum
1192 3077 1334 3159 ligneam
1360 3075 1493 3157 Georgii
1518 3075 1557 3137 de
1582 3076 1640 3136 Pe·

375 3185 499 3246 troviua
523 3184 675 3261 habitam,
694 3183 834 3244 mediam
859 3183 980 3245 curiam
998 3184 1038 3245 ad
1055 3203 1149 3245 usum
1173 3183 1255 3245 dicte
1274 3183 1409 3245 civitatis
1433 3183 1464 3244 in
1490 3202 1522 3242 se
1539 3182 1640 3243 conti-

375 3304 516 3370 nentem,
540 3309 612 3352 cum
630 3290 696 3350 suis
718 3289 923 3372 pertinenciis
941 3291 1090 3351 Emerico
1121 3290 1221 3351 sutori
1238 3287 1306 3351 filio
1324 3289 1456 3371 Georgii
1481 3309 1538 3370 pro
1555 3302 1640 3350 certa

374 3397 584 3479 pecuniarum
609 3397 787 3478 quantitate
811 3395 957 3458 vendidit
979 3409 1136 3479 perpetuo
1161 3395 1390 3478 possidendam
1413 3409 1445 3457 et
1468 3394 1640 3478 superinde

376 3517 422 3565 est
445 3503 536 3565 litera
564 3504 623 3564 sub
649 3502 800 3585 pendenti
825 3502 932 3583 sigillo
962 3503 1202 3565 communitatis
1228 3517 1384 3564 emanata.

481 3610 558 3672 ltem
584 3613 693 3690 Agnes
717 3609 827 3671 relicta
844 3609 981 3671 condam
1009 3609 1163 3692 Stephani
1181 3609 1297 3671 sutoris
1321 3607 1485 3690 quandam
1509 3609 1638 3670 vineam

376 3736 466 3778 suam
492 3717 524 3777 in
548 3715 710 3777 territorio
733 3730 843 3778 nostro
880 3716 962 3777 inter
993 3716 1103 3778 vineas
1128 3715 1261 3797 Georgii
1294 3715 1411 3777 sutoris
1435 3728 1467 3777 et
1491 3714 1639 3796 Gregorii

375 3820 514 3904 agricole
539 3822 692 3901 habitam,
717 3841 790 3883 cum
811 3822 875 3882 suis
891 3821 1099 3904 pertinenciis
1127 3821 1273 3904 predicto
1293 3821 1440 3882 Emerico
1465 3820 1563 3882 sutori
1580 3839 1639 3901 pro

375 3943 459 3990 certa
483 3929 693 4010 pecuniarum
718 3928 895 4010 quantitate
920 3927 1066 3990 vendidit
1098 3942 1253 4010 perpetuo
1282 3926 1508 4010 possidendam
1535 3939 1565 3988 et
1588 3946 1639 3988 su·

375 4034 508 4118 perinde
534 4049 580 4097 est
603 4035 695 4097 litera
718 4036 778 4096 sub
802 4035 954 4118 pendenti
981 4034 1089 4113 sigillo
1114 4033 1353 4096 communitatis
1378 4048 1535 4095 emanata.

481 4141 560 4203 ltem
585 4142 696 4203 Petrus
721 4142 894 4223 Hungarus
919 4141 997 4204 alias
1021 4140 1118 4221 judex
1135 4141 1274 4202 civitatis
1297 4138 1453 4222 predicte,
1477 4138 1638 4220 quandam

375 4261 498 4330 partem
523 4247 678 4308 maiorem
702 4247 796 4310 vinee
821 4247 987 4309 cuiusdam
1005 4261 1036 4308 et
1059 4246 1189 4328 virgulti
1206 4246 1267 4307 sibi
1284 4244 1477 4326 subjacentis
1501 4244 1532 4305 in
1550 4243 1639 4306 terri-

374 4354 456 4416 torio
481 4353 616 4414 civitatis
639 4353 782 4436 predicte
807 4355 888 4415 inter
912 4353 1008 4415 aliam
1029 4353 1218 4436 porcionem
1241 4351 1386 4414 eiusdem
1411 4351 1515 4430 vinee,
1540 4369 1638 4432 quam

376 4458 514 4523 Michael
539 4457 679 4542 freuipar
703 4460 828 4542 pridem
853 4460 974 4540 juratus
1005 4472 1036 4521 et
1068 4458 1209 4521 concivis
1233 4471 1341 4519 noster
1374 4457 1547 4519 literatorie
1578 4457 1637 4518 sub

375 4567 468 4629 metis
493 4565 526 4626 in
550 4564 641 4627 litera
665 4567 853 4648 expressatis
877 4567 1054 4627 dinoscitur
1086 4564 1259 4647 possidere,
1294 4577 1325 4625 et
1348 4563 1432 4625 inter
1455 4562 1584 4626 vineam
1608 4575 1640 4624 et

376 4674 550 4756 virgultum
577 4673 754 4734 liberorum
786 4672 925 4736 condam
958 4673 1043 4735 Petri
1076 4672 1281 4750 balneatoris,
1316 4672 1375 4732 sub
1400 4668 1493 4730 metis
1524 4682 1555 4730 et
1577 4681 1639 4730 ter·

375 4781 472 4842 minis
496 4779 636 4863 antiquis
667 4779 822 4856 habitam,
851 4779 1013 4842 Clementi
1046 4778 1183 4840 institori
1208 4797 1267 4860 pro
1292 4789 1365 4839 octo
1397 4775 1513 4837 marcis
1543 4774 1639 4836 dena·

376 4887 497 4949 riorum
522 4887 668 4948 vendidit
691 4900 847 4968 perpetuo
872 4884 1099 4968 possidendam
1133 4899 1163 4945 et
1196 4882 1370 4966 superinde
1395 4895 1441 4944 est
1465 4881 1554 4943 litera
1579 4882 1639 4942 sub

375 4992 529 5076 pendenti
554 4993 662 5074 sigillo
686 4992 927 5054 communitatis
955 5005 1112 5054 emanata.
