3816 5802
260 755 357 818 simul
382 775 454 818 curn
481 756 582 818 lundo
607 771 638 818 et
662 756 818 818 hedtliciis
843 759 875 818 in
900 759 1027 818 civitate
1057 759 1199 840 predicta
1224 761 1255 820 in
1281 761 1352 822 vico
1377 741 1528 823 videlicet

261 861 458 925 Carnificum
485 863 567 924 inter
590 864 724 926 domum
750 863 896 926 similiter
917 879 1074 926 muratam
1100 879 1131 927 et
1155 863 1291 927 fundum
1315 888 1351 929 ac
1377 867 1524 931 hedificia

261 969 437 1030 liberorum
463 989 521 1030 seu
545 989 764 1032 successorum
782 971 920 1031 condam
947 970 1113 1032 Michaelis
1131 971 1170 1032 de
1196 971 1365 1051 llalronolr,
1391 993 1407 1034 a
1432 975 1527 1036 meri·

259 1075 369 1155 dione,
394 1092 425 1138 et
448 1077 532 1138 viam
557 1096 614 1138 seu
651 1077 798 1138 semitam
829 1097 1089 1156 communem,a
1121 1080 1349 1160 septemtrione
1382 1080 1523 1142 habitam

258 1195 289 1248 et
313 1181 513 1261 existentem,
537 1202 635 1244 unam
660 1183 817 1263 integram
843 1184 964 1245 curiam
989 1183 1030 1245 ad
1055 1203 1147 1246 usum
1173 1185 1257 1247 dicte
1282 1185 1418 1248 civitatis
1442 1187 1473 1248 in
1492 1207 1525 1249 se

257 1289 489 1368 continentem,
515 1289 644 1352 Thorne
676 1289 744 1353 filio
770 1290 903 1372 Georgii
935 1305 966 1352 et
997 1290 1094 1353 Gallo
1125 1291 1194 1354 filio
1220 1291 1368 1374 Gregorii
1395 1313 1430 1354 ac
1456 1293 1525 1355 Ste-

261 1395 369 1477 phano
392 1394 461 1458 filio
486 1396 664 1476 Benedicti,
689 1416 828 1459 necnon
851 1397 1070 1460 Martinofilio
1088 1397 1229 1478 Thome,
1257 1400 1430 1478 sutoribus,
1447 1421 1524 1462 con·

258 1503 446 1584 civibusque
471 1503 588 1566 nostris
612 1523 648 1564 ac
673 1523 729 1586 per
761 1523 817 1565 eos
851 1504 994 1586 ipsorum
1028 1504 1202 1566 heredibus
1226 1524 1284 1586 pro
1316 1505 1429 1586 viginti
1455 1505 1524 1570 flor.

256 1609 324 1670 auri
350 1609 497 1672 vendidit
528 1625 685 1693 perpetuo
719 1609 967 1689 possidendam
1001 1629 1099 1692 quam
1125 1611 1255 1672 tandem
1288 1611 1422 1673 domurn
1457 1632 1525 1674 mu·

257 1729 358 1777 ratam
382 1727 414 1777 et
437 1714 576 1778 fundum
603 1716 662 1798 ipsi
696 1731 835 1797 quatuor
867 1730 991 1778 sutores
1014 1717 1100 1798 juxta
1134 1716 1308 1778 literalium
1333 1717 1524 1780 instrumen-

254 1836 361 1884 torum
399 1841 436 1884 sc
471 1822 725 1904 privilegialium
761 1823 927 1884 literarum
960 1837 1141 1884 nostrarum
1174 1835 1322 1884 contenta
1355 1841 1413 1905 pro
1436 1838 1524 1907 parte

255 1929 400 2012 ipsorum
424 1930 483 1990 sub
508 1928 661 2012 pendenti
686 1928 793 2010 sigillo
814 1943 932 1991 >nostro
964 1929 1130 1990 communi
1163 1928 1336 2011 superinde
1361 1943 1523 1992 emanata-

254 2054 325 2096 rurn
351 2035 435 2097 inter
458 2055 492 2096 se
516 2035 695 2096 diviserunt
718 2049 875 2118 perpetuo
900 2033 1139 2117 possidendam.

361 2141 440 2204 ltem
466 2141 630 2204 lohannes
663 2141 799 2220 institor,
831 2141 963 2222 juratus,
995 2141 1080 2204 lilius
1111 2141 1238 2204 Nicolai
1264 2142 1379 2204 Bolsalr
1413 2156 1444 2204 et
1466 2142 1523 2205 do·

256 2247 343 2308 mina
368 2247 470 2310 Elena
494 2267 551 2310 sua
568 2267 712 2326 consors,
728 2247 861 2310 totalem
887 2247 1021 2309 domum
1039 2266 1151 2310 eorum
1168 2248 1310 2330 ligneam
1327 2269 1400 2310 curn
1419 2247 1520 2311 fundo

255 2367 287 2416 et
311 2353 429 2416 celario
453 2356 662 2416 subterraneo
687 2375 723 2415 ac
747 2352 905 2416 hedificiis
929 2355 1012 2416 inter
1028 2355 1144 2416 domos
1170 2369 1201 2416 et
1224 2355 1327 2416 curias
1353 2355 1520 2418 Michaelis

255 2459 413 2541 pellificis,
438 2460 532 2542 jurati
557 2463 656 2522 nostri
683 2461 842 2539 moderni,
875 2481 910 2524 ac
936 2462 1091 2524 Demetrii
1117 2463 1232 2524 rasoris
1257 2482 1437 2544 pannorum
1462 2463 1516 2524 ha·

256 2567 368 2646 bitum,
391 2567 450 2629 tria
475 2568 632 2648 quartalia
650 2582 680 2629 et
698 2586 794 2630 unam
812 2582 958 2630 octavam
983 2570 1070 2631 curie
1090 2569 1172 2631 inse
1197 2570 1427 2646 continentem,
1444 2589 1517 2632 cum

253 2674 319 2735 suis
342 2674 453 2735 usibus
481 2672 610 2735 Thome
639 2673 790 2756 irenipari
820 2673 887 2736 filio
916 2675 1044 2737 Andree
1062 2674 1166 2756 jurato
1190 2675 1315 2736 concivi
1330 2689 1438 2737 nostro
1455 2696 1513 2758 pro

254 2780 490 2861 quinquaginta
514 2795 654 2862 quatuor
677 2779 747 2842 flor.
772 2781 840 2842 auri
865 2781 1080 2843 vendiderunt
1104 2795 1260 2864 perpetuo
1292 2781 1518 2863 possidendam

253 2901 284 2946 et
315 2887 487 2969 superinde
524 2900 570 2948 est
600 2886 692 2948 litera
728 2886 787 2968 ipsi
822 2885 950 2948 Thorne
993 2885 1097 2968 jurato
1129 2890 1188 2949 sub
1224 2887 1378 2969 pendenti
1411 2887 1518 2970 sigillo

254 2994 494 3056 communitatis
518 3007 675 3058 emanata.

360 3101 437 3163 ltem
464 3101 562 3162 Lucia
588 3100 704 3163 mulier
729 3099 792 3162 filia
825 3102 963 3164 condam
989 3101 1155 3164 Michaelis
1190 3100 1354 3183 quandam
1378 3101 1514 3183 particu-

253 3208 318 3269 lam
342 3208 510 3269 cuiusdam
535 3207 628 3268 vinee
654 3227 710 3269 sue
735 3227 791 3290 per
811 3221 930 3269 metam
948 3209 1114 3270 cuiusdam
1139 3209 1261 3270 arboris
1278 3209 1376 3290 vulgo
1400 3209 1514 3289 graber

253 3313 347 3393 dicte,
372 3327 455 3376 recte
472 3327 537 3375 tam
562 3333 658 3396 supra
675 3333 773 3395 quam
798 3311 880 3375 inira
896 3313 1114 3396 procedendo,
1132 3313 1164 3374 in
1189 3313 1298 3375 medio
1323 3314 1404 3376 inter
1421 3312 1517 3374 aliam

253 3420 441 3502 porcionem
466 3420 638 3499 vinealem,
663 3439 759 3501 quam
786 3419 898 3482 eadem
926 3420 1024 3482 Lucia
1055 3420 1171 3482 mulier
1194 3439 1253 3502 pro
1278 3440 1310 3481 se
1335 3420 1517 3498 reservavit,

252 3547 269 3588 a
294 3541 382 3610 parte
408 3527 501 3589 vinee
535 3526 664 3610 Mathye
696 3525 789 3608 jurati
822 3526 963 3588 Puchich
995 3527 1214 3607 cognominati
1246 3527 1338 3588 sitam
1374 3539 1405 3588 et
1428 3525 1516 3606 adja-

251 3647 388 3712 centem,
412 3635 580 3696 Anthonio
604 3633 744 3716 agricole
770 3633 836 3696 lilio
862 3633 1023 3695 Janchech
1043 3634 1167 3695 sororio
1192 3652 1251 3694 suo
1275 3633 1420 3695 vendidit
1444 3652 1515 3715 per·

250 3753 349 3822 petuo
373 3741 601 3823 possidendam
619 3755 650 3802 et
673 3739 846 3822 superinde
864 3753 910 3800 est
927 3740 1017 3801 litera
1042 3741 1101 3801 sub
1126 3739 1278 3822 pendenti
1304 3739 1411 3820 sigillo
1429 3757 1516 3801 com-

250 3847 416 3910 munitatis
440 3860 598 3912 emanata.

357 3955 433 4017 ltem
459 3955 585 4016 Marcus
609 3953 693 4015 filius
721 3954 859 4015 condam
886 3951 1053 4014 Michaelis
1086 3951 1264 4014 Sebastiani
1300 3951 1453 4013 directam
1479 3963 1510 4011 et

249 4061 398 4143 equalem
418 4061 624 4123 medietatem
640 4060 804 4122 cuiusdam
821 4059 948 4142 pallacii
972 4077 1028 4120 seu
1043 4059 1159 4120 domus
1173 4071 1296 4119 mutate
1320 4071 1350 4119 et
1363 4057 1513 4118 stacionis

250 4168 376 4250 lapidee
401 4167 552 4230 similiter
572 4181 695 4229 murste
720 4187 755 4228 ac
781 4165 871 4228 sundi
897 4179 928 4228 et
956 4163 1180 4227 hedificiorum
1212 4183 1343 4226 suorum
1369 4163 1509 4224 indicta

249 4273 376 4337 civitate
402 4275 485 4336 inter
509 4273 643 4336 domurn
669 4273 809 4355 ligneam
836 4285 866 4334 et
891 4271 1028 4333 fundum
1047 4271 1194 4354 Dyonisii
1219 4271 1349 4332 sartoris
1373 4283 1403 4330 et
1427 4269 1509 4329 inter

249 4379 382 4442 domurn
401 4401 437 4442 sc
462 4378 599 4442 fundum
625 4381 800 4442 liberorum
835 4379 971 4440 condam
997 4378 1171 4440 Alexandri
1200 4397 1236 4438 ac
1260 4377 1341 4438 inter
1365 4376 1431 4436 viss
1456 4394 1513 4437 seu

247 4487 367 4568 plateas
380 4505 569 4548 communes
583 4485 682 4547 habiti
699 4500 729 4547 et
746 4485 919 4564 existentis,
938 4503 1034 4546 unam
1059 4483 1209 4545 videlicet
1226 4483 1346 4544 curiam
1365 4494 1395 4542 et
1413 4499 1511 4541 unam

248 4605 393 4674 quartam
410 4593 498 4654 curie
516 4593 597 4653 inse
621 4594 850 4670 continentem,
868 4609 939 4652 curn
954 4590 1019 4652 suis
1036 4589 1227 4652 utilitatibus
1246 4587 1419 4649 Benedicto
1445 4585 1512 4647 filio

249 4697 358 4782 prefati
386 4699 552 4761 Michaelis
587 4698 765 4760 Sebastiani
800 4696 887 4758 fratri
913 4716 971 4758 suo
1003 4695 1120 4757 seniori
1153 4695 1194 4755 ob
1221 4713 1364 4755 amorem
1389 4692 1511 4753 sincere

247 4807 386 4868 caritatis
409 4825 520 4867 eorum
545 4805 678 4866 dotrsvit
703 4819 859 4885 perpetuo
884 4803 1111 4886 possidendam
1137 4815 1167 4862 et
1198 4799 1369 4882 superinde
1398 4811 1445 4858 est
1475 4798 1512 4858 li-

248 4928 311 4973 tera
345 4915 403 4974 sub
428 4912 580 4994 pendenti
606 4911 713 4992 sigillo
738 4911 979 4972 communitatis
1003 4923 1160 4970 emanata.

352 5020 428 5081 ltem
455 5019 551 5103 Elyas
575 5019 697 5080 ludens
720 5015 804 5079 filius
830 5017 981 5100 Symonis
1006 5015 1166 5077 habitator
1191 5013 1327 5075 civitatis
1354 5012 1511 5094 predicte,
