3840 5810
495 743 571 805 Item
597 745 729 826 quidam
759 744 878 806 fundus
902 747 935 807 in
969 761 1120 830 postergo
1154 746 1244 810 fundi
1276 748 1402 832 prioris,
1426 747 1532 810 medie
1556 747 1653 826 curie,

388 850 508 934 Frycze
531 852 636 934 jurati,
661 873 697 914 ac
721 853 753 914 in
787 867 939 936 postergo
964 853 1056 918 fundi
1091 855 1224 938 Georgii
1256 856 1373 920 Croaci
1406 857 1540 938 Jurycza
1565 854 1652 935 dicti,

391 971 421 1019 et
445 957 527 1020 inter
552 957 689 1022 fundum
715 960 892 1043 Elyzabeth
916 962 1024 1024 relicte
1049 975 1081 1023 et
1106 962 1255 1044 Gregorii
1279 961 1337 1025 filii
1362 963 1501 1024 condam
1524 961 1652 1024 Andree

389 1064 550 1143 Zwechar,
565 1085 623 1128 nec
648 1085 712 1126 non
738 1065 820 1128 inter
837 1083 867 1129 et
885 1087 982 1150 penes
1007 1069 1091 1130 viam
1109 1089 1318 1132 communem
1335 1089 1391 1131 seu
1407 1069 1547 1152 plateam
1564 1088 1652 1130 com·

388 1191 520 1235 munem
537 1174 675 1254 habitus,
700 1195 796 1237 unam
815 1189 961 1257 quartam
979 1175 1064 1238 curie
1086 1177 1167 1238 inse
1192 1178 1370 1255 continens,
1395 1177 1427 1238 in
1446 1176 1648 1258 longitudine

386 1279 517 1359 triginta
543 1301 643 1342 unum
667 1282 796 1343 brachia
821 1280 922 1344 ferrea
951 1283 983 1343 in
1008 1303 1040 1344 se
1074 1284 1242 1344 continens
1278 1303 1380 1364 usque
1404 1283 1541 1345 fundum
1566 1282 1649 1343 Petri

388 1385 534 1467 Hungari
559 1387 685 1470 judicis,
710 1403 756 1451 est
779 1403 915 1450 statutus
940 1389 1058 1472 Frycze
1078 1389 1182 1470 jurato
1207 1409 1263 1472 per
1280 1388 1504 1452 vendicionem
1529 1408 1650 1470 posses-

386 1492 466 1554 soris
490 1493 590 1575 ipsius
614 1494 705 1556 fundi
731 1509 887 1578 perpetuo
912 1496 1127 1578 possidendus
1150 1510 1181 1558 et
1210 1496 1383 1578 superinde
1407 1510 1454 1557 est
1477 1495 1567 1557 litera
1591 1496 1650 1556 sub

386 1599 538 1680 pendenti
563 1601 671 1682 sigillo
695 1603 936 1668 communitatis
967 1617 1123 1664 emanata.

493 1707 569 1768 ltem
604 1709 716 1770 Petrus
748 1709 922 1790 Hungarus
953 1708 1038 1771 filius
1071 1710 1172 1788 Pauli,
1200 1709 1306 1792 judex,
1339 1709 1503 1791 quandam
1534 1723 1649 1770 terram

385 1832 475 1874 suam
499 1815 653 1876 arabilem
679 1815 710 1876 in
735 1835 850 1897 campo
875 1815 958 1878 dicte
983 1816 1118 1877 civitatis
1142 1816 1224 1878 inter
1257 1830 1356 1877 terras
1379 1816 1558 1877 liberorum
1575 1834 1649 1876 con·

387 1919 459 1980 dam
485 1921 577 1982 Pauli
602 1921 739 2004 Frawyn
764 1935 795 1984 et
812 1922 894 1982 inter
915 1937 1015 1984 terras
1039 1935 1146 1983 nostre
1163 1922 1404 1984 communitatis
1420 1941 1456 1982 ac
1481 1923 1547 1982 vias
1564 1940 1648 1983 com-

387 2046 502 2088 munes
534 2027 799 2106 habitam‚.duas
831 2044 866 2090 ut
896 2029 1013 2090 dicitur
1045 2029 1147 2091 dietas
1178 2043 1260 2091 terre
1292 2029 1325 2090 in
1357 2049 1389 2090 se
1421 2028 1650 2106 continentem,

387 2133 530 2216 Georgio
554 2135 693 2216 agricole
718 2134 786 2197 lilio
819 2137 916 2198 Blasii
942 2156 1000 2219 pro
1035 2136 1180 2218 quinque
1213 2137 1281 2202 flor.
1307 2137 1375 2198 auri
1409 2135 1555 2198 vendidit
1580 2155 1648 2218 per-

386 2253 484 2322 petuo
509 2241 748 2322 possidendam.

493 2346 571 2408 ltem
597 2347 773 2429 Gregorius
797 2349 901 2410 cultor
924 2348 1009 2410 filius
1034 2349 1117 2412 Petri
1143 2349 1306 2430 quandam
1332 2348 1520 2431 porcionem
1545 2347 1649 2408 cuius-

386 2451 460 2513 dam
477 2451 568 2514 fundi
587 2467 618 2515 et
634 2453 741 2536 (h)orti
759 2455 807 2516 sui
832 2455 934 2516 civilis
951 2469 1038 2516 extra
1056 2453 1183 2516 Novam
1201 2467 1326 2537 portam
1344 2454 1488 2517 eiusdem
1513 2453 1650 2515 civitatis

386 2575 516 2641 aparte
540 2559 631 2622 fundi
657 2575 687 2624 et
712 2561 818 2644 (h)orti
851 2563 999 2624 similiter
1027 2561 1130 2624 civilis
1162 2563 1337 2624 liberorum
1371 2561 1508 2623 condam
1535 2561 1645 2621 Valen-

385 2665 442 2728 tini
468 2668 639 2750 arcuparis,
665 2667 814 2730 Michaeli
838 2669 979 2730 sellatori
995 2667 1062 2730 filio
1088 2668 1178 2730 Pauli
1204 2668 1364 2730 sellatoris
1386 2687 1445 2749 pro
1461 2667 1563 2728 tribus
1580 2665 1648 2730 flor.

385 2773 453 2834 auri
478 2775 624 2836 vendidit
648 2787 804 2856 perpetuo
829 2775 1069 2858 possidendam.

490 2880 568 2942 ltem
585 2880 685 2942 Elena
703 2879 767 2943 filia
786 2881 923 2944 condam
949 2881 1079 2944 Thome
1096 2879 1322 2966 Wryntowich
1339 2879 1502 2962 quandam
1522 2879 1647 2940 vineam

384 3004 473 3047 suam
499 2985 531 3047 in
556 2987 716 3048 territorio
740 2987 876 3050 civitatis
899 2989 982 3050 inter
1006 2989 1133 3049 vineam
1165 2987 1329 3049 Benedicti
1354 2985 1483 3047 sartoris
1506 2983 1563 3046 filii
1589 2984 1646 3045 Mi·

384 3091 504 3153 chaelis
528 3107 559 3154 et
582 3093 708 3155 Nicolai
733 3095 865 3158 cultoris
889 3093 946 3156 filii
972 3095 1070 3156 Marci
1102 3094 1255 3172 habitam,
1284 3093 1420 3175 desuper
1444 3112 1461 3153 a
1486 3091 1536 3153 via
1561 3110 1647 3152 conr-

385 3199 475 3259 muni
500 3197 581 3260 infra
606 3219 708 3281 usque
733 3201 883 3280 rivulum,
906 3220 979 3262 cum
1011 3200 1151 3282 virgulto
1175 3200 1237 3262 sibi
1268 3199 1446 3281 subjacenti
1480 3218 1513 3258 se
1538 3211 1647 3260 exten-

384 3305 524 3384 dentem,
550 3306 694 3368 Barnabe
719 3305 887 3370 fistulatori
904 3306 972 3368 filio
999 3307 1129 3386 Mathie,
1147 3307 1271 3368 concivi
1289 3319 1409 3384 nostru,
1427 3324 1500 3366 cum
1525 3303 1647 3364 addita·

385 3425 495 3472 mento
520 3412 705 3494 quindecim
731 3415 923 3476 cubulorum
948 3414 1026 3493 vini,
1051 3415 1083 3475 in
1112 3413 1338 3476 concambium
1362 3411 1530 3474 cuiusdam
1555 3411 1647 3471 vinee

384 3539 440 3580 sue
465 3517 554 3580 dedit
578 3533 733 3600 perpetuo
758 3520 998 3602 possidendam.

491 3625 567 3684 ltem
593 3625 723 3705 quidam
750 3625 868 3688 fundus
892 3627 923 3687 in
941 3627 1102 3688 territorio
1127 3639 1235 3688 nostro
1259 3646 1315 3688 seu
1340 3625 1477 3688 civitatis
1501 3623 1642 3706 predicte

384 3731 466 3791 inter
491 3730 574 3791 duos
597 3730 713 3792 fluvios
738 3731 953 3816 blatbycbyna
985 3747 1016 3795 et
1040 3734 1174 3794 Pretolta
1198 3747 1329 3795 vocatos
1360 3733 1447 3813 juxta
1484 3729 1642 3791 molendi·

384 3855 460 3896 num
486 3837 620 3898 ecclesie
646 3857 702 3898 seu
727 3840 912 3902 monasterii
946 3841 1036 3902 beate
1066 3841 1166 3902 Marie
1198 3840 1340 3921 virginis,
1365 3839 1489 3900 ordinis
1512 3835 1644 3899 fratrum

384 3942 657 4023 Cisterciensium,
682 3966 699 4006 a
724 3947 914 4027 meridione,
943 3963 974 4010 et
1005 3950 1086 4010 inter
1111 3949 1264 4030 (hlortum
1297 3949 1475 4009 liberorum
1507 3945 1644 4008 condam

384 4050 538 4132 Stephani
562 4052 679 4114 sutoris
703 4051 759 4114 filii
784 4053 881 4133 lwan,
905 4075 922 4116 a
947 4057 1176 4136 septemtrione
1194 4055 1332 4134 habitus,
1370 4075 1426 4137 per
1450 4053 1590 4135 judicem
1615 4067 1645 4114 et

383 4156 502 4237 juratos
518 4157 593 4217 anni
612 4159 767 4239 presentis
785 4175 816 4222 et
837 4181 892 4242 per
910 4175 1009 4222 totam
1026 4163 1290 4223 communitatem
1308 4162 1427 4224 civium
1452 4175 1483 4221 et
1499 4160 1645 4221 omnium

383 4263 562 4324 incolarum
587 4264 724 4326 civitatis
748 4266 888 4347 predicte
917 4267 958 4329 ad
975 4268 1146 4330 instantem
1163 4269 1436 4350 supplicacionem
1455 4265 1646 4328 venerabilis

383 4369 487 4430 fratris
519 4369 674 4431 lobannis
705 4373 828 4433 abbatis
862 4374 1047 4435 monasterii
1081 4374 1233 4456 predicti,
1266 4374 1370 4435 eidem
1396 4373 1591 4434 monasterio
1615 4386 1646 4433 et

381 4475 440 4538 toti
458 4477 630 4538 conventui
650 4477 793 4540 eiusdem
819 4499 876 4561 pro
902 4494 1046 4562 tempore
1064 4481 1247 4559 constituto,
1272 4481 1312 4542 ab
1333 4480 1422 4541 omni
1447 4479 1598 4540 civilitate
1615 4491 1646 4539 et

382 4583 450 4644 eius
474 4603 571 4644 censu
596 4603 632 4644 ac
657 4584 761 4646 reditu
779 4586 926 4666 quolibet
943 4602 989 4648 est
1003 4601 1169 4669 exemptus
1186 4589 1217 4648 in
1235 4601 1426 4669 perpetuum
1444 4600 1474 4647 et
1502 4585 1646 4668 expiatus

382 4702 413 4750 et
437 4703 483 4749 est
499 4701 634 4750 statutus
653 4691 896 4772 privilegialiter
912 4695 970 4754 sub
987 4693 1140 4774 pendenti
1158 4694 1264 4775 sigillo
1282 4692 1522 4754 communitatis
1539 4691 1643 4753 eidem

382 4797 578 4858 monasterio
603 4811 634 4858 et
658 4799 831 4859 conventui
857 4799 1001 4860 eiusdem
1025 4815 1181 4881 perpetuo
1206 4801 1306 4862 libere
1331 4800 1515 4862 serviturus.

488 4903 565 4964 ltem
592 4907 699 4984 Agnes
723 4903 787 4966 filia
813 4904 950 4966 condam
983 4907 1138 4969 lobannis
1163 4907 1336 4987 Ozmonog
1372 4906 1480 4967 relicta
1505 4905 1642 4966 condam

383 5008 529 5094 Dyonisii
561 5011 674 5074 decani
715 5031 800 5077 nunc
832 5032 963 5077 consors
995 5012 1142 5100 Gregorii
1179 5013 1235 5077 filii
1268 5012 1449 5092 Valentini,
1481 5012 1642 5096 quandam
