3816 5802
392 461 433 522 ⁶8
921 463 1008 520 Anno
1030 463 1124 541 1446.

393 513 404 545 Ι

544 569 1652 581 ——ssffi—--ae—-ffl—-m—

393 675 513 738 biensis
536 689 700 755 tamquam
726 674 807 756 patri
832 693 890 735 suo
923 674 1088 756 adoptivo,
1121 673 1250 756 jamque
1282 695 1367 736 novo
1400 675 1525 736 concivi
1550 687 1581 736 et
1604 694 1655 736 co·

392 783 563 845 habitatori
589 795 710 859 nostro,
735 783 795 842 sub
819 781 875 843 tali
893 781 1085 843 condicione
1110 780 1250 842 dedisset
1267 795 1421 864 perpetuo
1446 780 1657 864 possidendas

392 903 423 952 et
447 888 757 971 quomodocumque
775 888 915 950 voluerit
932 887 1149 969 disponendas
1165 885 1250 968 juxta
1268 887 1494 950 condicionem
1517 901 1548 949 et
1564 886 1656 968 juris·

391 995 571 1057 diccionem
611 993 747 1056 civitatis
777 993 919 1076 predicte
952 995 1012 1073 ita,
1045 993 1132 1075 quod
1165 1013 1223 1056 nec
1254 1013 1311 1075 per
1342 993 1448 1076 ipsum
1485 993 1656 1055 dominum

392 1101 602 1164 Benedictum
629 1101 817 1184 episcopum
843 1120 901 1162 nec
924 1120 981 1182 per
1005 1099 1148 1182 aliquem
1181 1101 1250 1162 eius
1273 1119 1488 1162 successorem
1514 1101 1656 1183 ipsarum

391 1207 542 1270 videlicet
574 1208 813 1290 possessionum
845 1221 876 1269 et
907 1208 1097 1290 porcionum
1131 1207 1453 1290 possessionariarum
1485 1227 1544 1291 pro
1577 1223 1657 1269 tem-

393 1334 471 1397 pore
495 1333 705 1397 possessores,
736 1333 754 1374 a
788 1313 1012 1396 jurisdiccione
1045 1328 1076 1376 et
1106 1315 1253 1376 libertate
1285 1314 1422 1376 civitatis
1455 1314 1656 1398 privilegiata

392 1421 503 1484 eedem
529 1421 745 1504 possessiones
777 1433 808 1482 et
838 1421 1009 1503 porciones
1041 1421 1293 1504 possessionarie
1326 1421 1420 1483 avelli
1453 1440 1509 1483 seu
1542 1419 1658 1482 auferri

393 1527 444 1589 vel
469 1527 565 1588 eximi
590 1527 713 1609 possint
737 1526 836 1588 modo
861 1527 1006 1609 aliquali,
1030 1527 1092 1590 hoc
1115 1527 1267 1590 videlicet
1291 1547 1451 1610 expresso,
1476 1527 1564 1608 quod
1590 1528 1658 1610 ipse

395 1633 548 1696 dominus
572 1633 767 1695 Benedictus
790 1633 961 1716 episcopus
978 1633 1029 1695 vel
1054 1633 1109 1696 ille
1133 1653 1228 1716 super
1245 1653 1342 1716 quem
1360 1633 1427 1716 ipse
1453 1634 1660 1712 commiserit,

394 1739 576 1823 predictum
601 1738 814 1802 Benedictum
831 1738 971 1822 juratum
997 1759 1099 1821 usque
1123 1740 1163 1801 ad
1181 1753 1318 1802 mortem
1336 1759 1425 1801 suam
1451 1739 1491 1802 de
1515 1739 1658 1822 predicta

394 1845 494 1908 domo
518 1865 575 1907 sua
600 1859 723 1908 murata
749 1845 853 1907 eicere
885 1859 916 1907 et
948 1845 1118 1908 excludere
1153 1865 1219 1908 non
1243 1845 1354 1928 possit,
1386 1845 1442 1906 sed
1467 1865 1541 1907 eum
1575 1847 1660 1906 bono

394 1952 494 2013 modo
520 1951 639 2014 nutrire
665 1964 696 2014 et
719 1952 835 2014 vestire
860 1971 896 2014 ac
928 1965 1091 2014 mortuum
1125 1950 1303 2014 honorifice
1327 1953 1463 2034 sepelire
1487 1951 1660 2028 tenebitur,

396 2073 492 2140 prout
515 2057 582 2141 ipse
608 2058 759 2120 dominus
783 2057 976 2120 Benedictus
1000 2058 1170 2142 episcopus
1198 2058 1348 2121 benivole
1374 2059 1547 2141 assumpsit
1572 2071 1602 2120 et
1627 2058 1658 2120 in

395 2163 486 2225 litera
511 2163 703 2246 privilegiali
728 2183 873 2246 expresse
898 2164 1080 2226 continetur

500 2269 579 2331 ltem
604 2270 761 2332 staciones
786 2283 817 2332 et
841 2269 957 2332 domus
973 2283 1096 2332 mutate
1114 2291 1149 2333 ac
1167 2270 1258 2332 fundi
1275 2272 1413 2333 condam
1439 2271 1571 2333 domine
1591 2271 1659 2332 Do·

394 2374 503 2437 rothec
528 2374 592 2436 filie
617 2377 756 2437 condam
781 2375 888 2438 Choni
906 2375 1020 2458 judicis
1045 2397 1130 2439 nunc
1159 2379 1314 2439 consortis
1338 2377 1497 2459 legittime
1523 2376 1656 2458 Georgii

396 2481 515 2566 Oxlyn,
534 2482 709 2544 incivitate
733 2481 873 2564 predicta
900 2483 982 2544 inter
999 2483 1134 2545 domum
1158 2499 1316 2547 muratam
1334 2498 1365 2546 et
1389 2483 1507 2546 fundos
1525 2483 1658 2564 Georgii

395 2603 426 2651 et
451 2588 610 2651 Lodouici
634 2586 775 2650 filiorum
800 2608 842 2650 ac
861 2589 1023 2650 Dorothee
1055 2588 1120 2652 filie
1153 2590 1290 2652 condam
1316 2590 1445 2652 Thome
1477 2590 1570 2672 jurati
1603 2587 1660 2651 filii

395 2695 495 2776 ipsius
519 2695 656 2756 condam
681 2693 787 2757 Choni
813 2694 939 2776 judicis,
963 2697 1003 2757 ab
1038 2696 1174 2776 oriente,
1208 2711 1240 2758 et
1265 2697 1347 2758 inter
1379 2696 1514 2758 fundum
1540 2715 1576 2758 ac
1599 2709 1661 2757 sta·

395 2801 522 2862 cionem
547 2801 645 2862 Blasii
669 2799 775 2882 jurati,
798 2802 838 2863 ab
871 2801 1050 2881 occidente,
1082 2823 1118 2864 ac
1149 2783 1232 2865 inter
1255 2803 1335 2864 duas
1369 2804 1490 2886 plateas
1513 2823 1570 2864 seu
1593 2803 1661 2863 vias

395 2927 583 2969 communes
607 2906 715 2968 habite
739 2921 770 2969 et
794 2907 975 2988 existentes,
999 2923 1062 2970 tres
1097 2909 1200 2970 curias
1225 2909 1364 2991 integras
1396 2931 1432 2972 ac
1457 2930 1549 2972 usum
1575 2909 1659 2970 dicte

396 3014 532 3076 civitatis
556 3014 587 3075 in
612 3033 645 3074 se
676 3013 887 3093 continentes,
920 3033 992 3076 cum
1028 3034 1137 3077 earum
1171 3015 1363 3077 utilitatibus
1394 3029 1425 3078 et
1456 3015 1662 3098 pertinenciis

396 3119 563 3198 universis,
588 3139 667 3200 quas
692 3118 852 3201 Georgius
875 3119 983 3202 Oxlyn
1008 3121 1180 3202 predictus,
1200 3135 1366 3202 tamquam
1392 3123 1543 3184 dominus
1566 3136 1597 3182 et
1613 3122 1662 3183 vir

397 3246 433 3288 ac
458 3240 646 3309 procurator
669 3225 847 3307 legittimus
871 3226 971 3308 ipsius
992 3227 1124 3289 domine
1141 3227 1316 3308 Dorothee,
1340 3227 1465 3311 prelato
1490 3229 1597 3292 Blasio
1614 3228 1661 3310 ju·

397 3345 466 3395 rato
490 3347 653 3414 tamquam
679 3332 735 3393 uni
760 3332 867 3394 vicino
887 3353 946 3415 pro
971 3335 1146 3416 nonaginta
1179 3355 1244 3396 uno
1269 3333 1339 3397 flor.
1371 3333 1527 3415 verididit,
1553 3335 1659 3398 eidem

397 3438 505 3500 Blasio
536 3425 640 3520 jurato
672 3439 726 3500 lite
765 3439 847 3500 inter
879 3439 1020 3501 Blasium
1054 3440 1193 3522 juratum
1226 3455 1256 3503 et
1297 3442 1380 3504 inter
1412 3442 1574 3504 Marinum
1614 3441 1661 3524 ju-

397 3545 502 3606 dicem
526 3545 604 3606 alias
628 3558 659 3605 et
682 3546 847 3606 concivem
873 3560 1017 3607 nostrum
1042 3565 1153 3609 coram
1172 3548 1266 3610 nobis
1290 3550 1379 3631 prius
1403 3562 1434 3611 et
1456 3549 1587 3611 tandem
1606 3567 1662 3631 ρετ

397 3651 653 3734 appellacionem
679 3652 778 3734 ipsius
802 3649 900 3714 Blasii
924 3652 1018 3735 jurati
1048 3654 1080 3714 in
1112 3655 1311 3736 presenciam
1337 3655 1462 3716 domini
1487 3656 1583 3718 Vlrici
1609 3674 1660 3716 co·

397 3757 483 3818 mitis
515 3756 599 3819 Cilie
631 3771 689 3820 etc.
722 3758 847 3818 domini
890 3760 988 3820 nostri
1020 3760 1159 3840 gracioci
1199 3775 1360 3843 receptam
1395 3775 1427 3824 et
1456 3761 1661 3844 appellatam,

397 3883 523 3924 causam
550 3863 736 3924 earumdem
760 3865 939 3926 stacionum
964 3879 995 3928 et
1019 3867 1136 3928 domus
1153 3881 1278 3930 murato
1306 3887 1342 3930 ac
1366 3867 1543 3930 fundorum
1567 3888 1662 3950 super

398 3968 520 4030 eisdem
556 3967 697 4030 habitam
735 3989 790 4051 per
822 3968 953 4032 finalem
985 3971 1258 4035 deliberacionem
1293 3987 1325 4036 et
1354 3975 1661 4036 determinacionem

398 4073 542 4134 eiusdem
568 4093 661 4134 cause
686 4095 741 4156 per
767 4075 935 4138 dominum
962 4076 1149 4140 Conradum
1169 4079 1208 4140 de
1234 4081 1334 4162 Stayn
1360 4082 1548 4162 magistrum
1574 4081 1660 4142 curie

398 4179 498 4260 ipsius
522 4179 646 4240 domini
670 4181 768 4242 Vlrici
794 4183 920 4244 comitis
950 4183 1033 4246 Cilie
1058 4205 1095 4245 ex
1114 4186 1343 4249 commissione
1367 4188 1513 4250 eiusdem
1539 4187 1661 4249 domini

400 4285 496 4347 Vlrici
522 4287 648 4347 comitis
672 4285 799 4368 iactam,
824 4289 928 4351 eidem
955 4291 1062 4352 Blasio
1086 4291 1190 4371 jurato
1224 4307 1298 4356 sunt
1320 4293 1460 4356 finaliter
1482 4293 1661 4376 adjudicate

398 4405 553 4472 perpetuo
576 4393 781 4474 possidende,
798 4409 828 4456 et
845 4415 901 4476 per
924 4417 984 4458 nos
1007 4417 1045 4458 ex
1062 4400 1291 4462 commissione
1315 4415 1347 4462 et
1372 4401 1525 4464 mandato
1549 4400 1661 4484 prefati

400 4495 524 4558 domini
548 4497 645 4558 Vlrici
664 4500 805 4561 'comitis
835 4501 935 4562 literis
967 4503 1083 4564 nostris
1115 4505 1372 4588 privilegialibus
1404 4510 1464 4570 sub
1509 4507 1661 4590 pendenti

400 4601 506 4682 sigillo
532 4605 771 4666 communitatis
795 4620 868 4668 sunt
891 4605 959 4688 jure
976 4609 1165 4690 perhennali
1189 4611 1220 4674 et
1237 4613 1511 4677 irretractabiliter
1535 4634 1571 4676 ac
1587 4615 1662 4681 irre-

401 4707 588 4770 vocabiliter
619 4724 773 4792 perpetuo
791 4714 983 4793 possidende
1009 4729 1039 4777 et
1056 4719 1367 4802 quomodocumque
1392 4721 1532 4784 voluerit
1555 4721 1663 4803 dispo-

401 4813 506 4874 nende
537 4813 622 4895 juxta
661 4818 886 4881 condicionem
918 4821 1054 4884 civitatis
1092 4825 1234 4906 predicte
1271 4829 1517 4910 privilegialiter
1549 4849 1662 4913 appro-

403 4917 520 4981 batam.
