3840 5810
822 467 908 522 Anno
930 479 1022 542 1443.

277 672 385 734 relicte
411 673 510 755 ipsius
537 673 669 754 Georgii
695 675 903 759 Supanichyn
929 688 974 738 est
998 689 1112 738 statuta
1145 678 1318 740 literatorie
1343 679 1541 761 possidenda

278 793 308 843 et
330 779 503 862 superinde
528 795 575 842 est
598 782 689 845 litera
713 783 773 844 sub
789 766 943 866 pendenti
968 783 1075 865 sigillo
1093 786 1334 848 communitatis
1357 787 1541 870 privilegia·

278 886 348 949 liter
374 901 532 952 emanata.

382 993 461 1056 ltem
504 994 688 1057 Anthonius
720 994 1001 1081 Chestnykowych
1042 996 1127 1060 filius
1161 997 1340 1061 Clementis
1380 1001 1544 1082 quandam

277 1115 390 1162 terram
415 1120 507 1164 suam
531 1101 684 1164 arabilem
709 1101 742 1164 in
758 1123 874 1186 campo
898 1104 982 1182 dicte
1009 1104 1145 1166 civitatis
1169 1106 1252 1167 inter
1275 1121 1374 1170 terras
1398 1109 1542 1171 eiusdem

278 1206 434 1270 Anthonii
460 1208 741 1292 Chestnylrowych
776 1222 808 1272 et
839 1211 1006 1273 lrolendini
1039 1209 1308 1274 confraternitatis
1339 1215 1542 1278 sacerdotum

278 1333 313 1376 ac
337 1313 417 1376 duas
441 1314 508 1376 vias
531 1333 720 1377 communes
745 1314 899 1394 habitam,
930 1330 994 1380 tres
1019 1317 1120 1378 dietas
1151 1331 1234 1380 terre
1259 1319 1290 1379 in
1316 1339 1348 1380 se
1374 1321 1541 1383 continen-

279 1437 359 1502 tem,
394 1421 537 1504 Georgio
570 1421 638 1484 filio
671 1422 767 1485 Blasii
801 1423 925 1486 concivi
959 1439 1068 1486 nostro
1101 1443 1159 1506 pro
1190 1425 1339 1488 undecim
1373 1427 1441 1492 flor.
1475 1429 1543 1490 auri

277 1529 420 1592 vendidit
446 1543 603 1612 perpetuo
626 1529 855 1612 possidendam
885 1544 915 1592 ct
935 1531 1108 1613 superinde
1125 1545 1171 1591 est
1188 1531 1279 1593 litera
1303 1534 1363 1595 sub
1388 1535 1540 1616 pendenti

275 1633 384 1714 sigillo
409 1633 650 1696 communitatis
675 1635 919 1718 privilegialiter
943 1651 1103 1700 emanata.

380 1741 457 1803 ltem
482 1741 675 1804 Benedictus
699 1740 784 1804 filius
809 1741 975 1805 Michaelis
993 1743 1173 1806 Sebastiani
1198 1746 1360 1828 quendam
1386 1746 1542 1828 (h)ortum

277 1866 367 1908 suurn
393 1847 424 1908 in
449 1848 605 1910 suburbio
630 1849 768 1911 civitatis
792 1851 934 1932 predicte
959 1870 1059 1933 prope
1085 1850 1208 1913 fontem
1234 1853 1461 1915 Mandusewcz
1486 1874 1541 1916 vo·

282 1968 397 2032 catum,
421 1954 504 2016 inter
528 1953 663 2037 (h)ortos
679 1955 841 2018 Valentini
860 1957 953 2039 jurati
987 1956 1044 2019 filii
1063 1957 1230 2020 Michaelis
1247 1973 1278 2021 et
1303 1960 1416 2022 Vrsule
1434 1961 1542 2043 puelle

279 2061 395 2122 sororis
427 2061 571 2124 eiusdem
596 2062 761 2125 Benedicti
796 2064 961 2143 habitum,
986 2065 1160 2128 Valentino
1185 2065 1275 2129 fabro
1300 2066 1367 2129 filio
1393 2068 1541 2149 Gregorii

277 2169 399 2230 concivi
426 2183 535 2230 nostro
552 2188 611 2251 pro
629 2170 775 2252 quinque
792 2169 861 2233 flor.
887 2171 955 2232 auri
973 2171 1118 2234 vendidit
1135 2189 1291 2256 perpetuo
1308 2174 1540 2257 possidendum

280 2289 309 2336 et
331 2275 504 2358 superinde
529 2288 574 2336 est
599 2275 689 2338 litera
713 2279 773 2338 sub
798 2277 951 2360 pendenti
981 2278 1090 2360 sigillo
1115 2281 1356 2344 communitatis
1385 2295 1540 2346 emanata.

304 2427 385 2498 Item
413 2425 497 2499 feria
528 2426 645 2516 quinta
674 2426 826 2517 proxima
861 2439 940 2501 ante
978 2429 1100 2502 festum
1131 2429 1384 2504 Purificacionis
1418 2433 1515 2506 beate

766 2551 908 2642 virginis
937 2555 1051 2626 llarie.

787 2702 848 2764 (31.
865 2690 1033 2765 januarii).

380 2809 459 2872 ltem
488 2810 679 2873 Valentinus
710 2809 795 2872 filius
827 2812 963 2873 condam
999 2811 1148 2894 Gregorii
1180 2813 1344 2894 scriptoris
1376 2813 1533 2876 librorum

275 2915 437 2997 quandam
463 2917 590 2978 vineam
614 2937 705 2978 suam
731 2917 763 2978 in
788 2917 950 2980 territorio
975 2933 1005 2978 et
1034 2918 1198 2982 montibus
1222 2919 1359 2982 civitatis
1393 2919 1535 3002 predicte

277 3023 357 3085 inter
380 3023 492 3085 vineas
521 3037 651 3106 aparte
683 3023 889 3086 meridionali
922 3025 1100 3087 liberorum
1132 3045 1189 3087 seu
1213 3045 1433 3088 successorum
1462 3046 1538 3088 con·

277 3130 349 3192 dam
374 3130 516 3211 magistri
542 3129 686 3209 Fabiani,
712 3145 743 3192 et
766 3129 914 3192 similiter
939 3131 1114 3192 liberorum
1144 3150 1200 3192 seu
1225 3151 1443 3193 successorum
1463 3152 1537 3194 con·

275 3237 346 3299 dam
372 3237 493 3300 Vrbani
517 3237 646 3316 sutoris,
670 3257 688 3298 a
712 3249 800 3320 parte
825 3238 956 3299 australi
992 3236 1145 3315 habitam,
1171 3237 1308 3318 desuper
1332 3259 1348 3299 a
1374 3239 1424 3300 via
1450 3258 1538 3300 com·

277 3345 365 3406 muni
391 3358 421 3407 et
438 3343 520 3406 infra
544 3363 646 3426 usque
670 3343 820 3422 rivulum,
846 3363 918 3405 cum
944 3343 1083 3425 virgulto
1101 3343 1161 3404 sibi
1178 3342 1354 3423 subjacenti
1380 3363 1412 3404 se
1429 3357 1537 3406 exten·

275 3451 413 3531 dentem,
438 3471 509 3512 cum
535 3451 601 3512 suis
632 3451 839 3533 pertinenciis
871 3464 901 3512 et
926 3451 1019 3512 metis
1043 3451 1074 3510 in
1107 3449 1207 3510 literis
1238 3450 1373 3531 scriptis,
1401 3450 1538 3512 Nicolao

274 3558 435 3640 purgatori
475 3556 657 3639 gladiorum
691 3554 758 3618 filio
791 3556 940 3638 Gregorii
980 3556 1150 3618 habitatori
1193 3555 1277 3618 dicte
1310 3555 1447 3618 civitatis
1479 3576 1538 3638 pro

273 3677 345 3726 octo
369 3663 438 3727 flor.
463 3664 532 3726 auri
557 3663 704 3724 vendidit
727 3675 883 3745 perpetuo
908 3661 1135 3744 possidendam
1172 3675 1203 3724 et
1227 3661 1401 3744 superinde
1427 3675 1474 3724 est
1499 3662 1537 3723 li·

272 3784 337 3832 tera
362 3772 422 3832 sub
445 3769 599 3853 pendenti
624 3769 732 3850 sigillo
757 3768 998 3830 communitatis
1023 3781 1180 3832 emanata.

378 3877 455 3939 ltem
481 3874 578 3938 fenile
605 3875 718 3938 Briccii
743 3875 858 3957 judicis
883 3874 1084 3956 aliquamdiu
1101 3873 1165 3955 jam
1191 3872 1345 3952 defuncti,
1371 3873 1401 3934 in
1420 3893 1536 3956 campo

273 3983 407 4045 civitatis
432 3982 574 4064 predicte
599 3982 681 4044 inter
706 3980 817 4044 senilia
841 3982 881 4043 ab
907 3994 1041 4062 utraque
1070 3994 1159 4062 parte
1183 3979 1359 4041 liberorum
1385 4000 1441 4042 seu
1466 3999 1536 4042 suc-

272 4109 433 4151 cessorum
458 4089 595 4150 condam
622 4087 822 4169 Sigismundi
851 4087 943 4170 jurati
977 4087 1140 4163 habitum;
1166 4087 1243 4149 item
1268 4087 1408 4168 quedam
1442 4087 1534 4148 vinea

272 4195 393 4257 deserta
419 4193 532 4277 prefati
558 4193 695 4256 condam
722 4195 836 4256 Briccii
858 4192 973 4275 judicis
998 4193 1029 4254 in
1048 4193 1208 4254 territorio
1234 4193 1371 4254 civitatis
1395 4193 1536 4275 predicte

272 4301 353 4362 inter
376 4302 487 4363 vineas
511 4301 609 4362 Blasii
642 4299 718 4361 dicti
744 4299 939 4382 Bastardych
969 4313 1000 4360 et
1030 4300 1207 4361 liberorum
1240 4299 1377 4361 condam
1404 4297 1535 4360 domine

274 4407 450 4490 Elyzabeth
468 4407 576 4469 relicte
602 4407 713 4468 Jacobi
732 4405 907 4483 Horwath;
932 4406 1007 4468 item
1026 4405 1159 4488 quidam
1184 4404 1250 4467 duo
1275 4405 1383 4486 (h)orti
1410 4405 1442 4465 in
1460 4407 1536 4466 sub·

274 4514 365 4575 urbio
390 4514 525 4576 civitatis
542 4514 695 4596 predicte,
724 4533 808 4575 unns
831 4513 887 4595 qui
906 4511 966 4574 fuit
985 4511 1121 4574 condam
1146 4511 1270 4573 Thotar
1295 4511 1384 4572 Pauli
1409 4525 1439 4572 et
1457 4511 1536 4572 alter

275 4621 328 4702 qui
353 4620 490 4682 condam
517 4619 644 4703 Gracyn
670 4619 826 4682 lobannis
850 4617 1021 4701 prefuerat,
1046 4638 1083 4680 ex
1109 4619 1274 4698 legacione
1300 4617 1535 4680 testamentaria

275 4724 386 4806 prefati
411 4726 527 4787 Briccii
559 4725 675 4809 judicis
710 4726 842 4788 domine
875 4724 1075 4806 Margarethe
1107 4725 1216 4787 relicte
1249 4724 1394 4786 eiusdem
1421 4723 1534 4784 Briccii

278 4831 388 4914 judicis
411 4846 486 4894 sunt
508 4846 625 4896 statute
649 4833 895 4916 privilegialiter
910 4847 1067 4916 perpetuo
1091 4831 1284 4915 possidende
1310 4845 1340 4894 et
1363 4830 1535 4914 superinde

278 4953 348 5002 sunt
370 4940 461 5004 litere
485 4941 545 5003 sub
569 4940 722 5024 pendenti
748 4940 856 5023 sigillo
880 4939 1121 5005 communitatis
1145 4952 1301 5001 emanate.
