3816 5802
261 788 425 870 quoddam
451 787 547 852 fenile
571 807 705 870 parvum
740 801 846 850 nostre
879 788 1120 850 communitatis
1153 787 1314 849 mediante
1339 785 1457 848 fossato
1484 789 1523 849 ab

260 896 407 957 orientali
433 909 533 980 parte,
565 909 597 958 et
629 896 711 957 inter
742 893 838 956 senile
871 894 1003 956 domine
1036 895 1209 956 Katherine
1243 895 1351 956 relicte
1387 895 1524 956 condam

261 1002 392 1086 Matbye
417 1002 493 1064 dicti
519 1003 638 1064 Farlras
662 1004 702 1064 ab
732 1002 845 1064 eadem
878 1001 1027 1064 orientali
1060 1016 1159 1084 parte,
1183 1021 1219 1063 ac
1244 1001 1326 1062 inter
1350 1001 1524 1084 quemdam

259 1110 367 1171 locum
390 1109 612 1192 graminosum
637 1129 693 1172 seu
718 1107 815 1170 fenile
840 1128 1000 1190 aquosum
1029 1123 1136 1170 nostre
1160 1108 1400 1170 communitatis
1424 1108 1523 1190 vulgo

259 1216 382 1299 Zygeth
407 1231 610 1295 vocatum,a
642 1216 841 1294 meridione,
874 1231 904 1277 et
938 1217 1020 1278 inter
1044 1215 1143 1278 fenile
1175 1216 1350 1278 liberorum
1385 1215 1523 1277 condam

260 1323 343 1384 Petri
360 1321 475 1402 judicis
498 1321 555 1383 filii
575 1322 678 1402 Pauli,
703 1324 742 1385 ab
767 1323 883 1384 eodem
900 1323 1092 1402 meridiem,
1116 1342 1256 1384 necnon
1282 1323 1363 1384 inter
1388 1322 1522 1384 fluvium

260 1429 498 1492 Chernomercz
523 1443 673 1490 vocatum
707 1429 858 1507 existens,
890 1429 950 1490 sibi
976 1449 1034 1511 pro
1066 1429 1182 1490 debitis
1205 1429 1270 1490 suis
1301 1428 1524 1511 pecunialibus

258 1550 422 1615 statutum,
447 1555 520 1597 cum
545 1535 610 1597 suis
636 1535 826 1598 utilitatibus
851 1535 982 1598 domine
1001 1534 1177 1618 Gasparine
1202 1536 1341 1597 consorti
1359 1534 1521 1596 Valentini

259 1641 375 1724 judicis
399 1655 430 1704 et
454 1642 558 1704 eidem
584 1641 757 1704 Valentino
782 1662 841 1724 pro
865 1643 978 1724 viginti
998 1657 1071 1704 octo
1097 1645 1166 1706 flor.
1190 1643 1259 1703 auri
1285 1642 1429 1704 vendidit
1453 1661 1521 1724 per-

258 1762 357 1830 petuo
381 1748 614 1832 possidendum
638 1763 669 1811 et
699 1749 871 1830 superinde
904 1748 1009 1810 eidem
1034 1748 1207 1810 Valentino
1238 1749 1335 1830 judici
1361 1761 1408 1810 est
1431 1747 1522 1810 litera

258 1856 317 1916 sub
342 1855 494 1938 pendenti
519 1855 627 1936 sigillo
652 1855 892 1917 communitatis
917 1869 1074 1918 emanata.

364 1945 442 2022 lt'em
468 1959 614 2022 Thomas
650 1959 735 2022 filius
760 1961 935 2046 Lodotvyci
968 1975 999 2022 et
1024 1961 1166 2023 Marinus
1199 1959 1284 2022 filius
1309 1960 1448 2046 Klarych
1473 1960 1520 2041 ju·

258 2067 343 2129 dices
368 2069 400 2129 in
425 2067 563 2150 Segnya‚
588 2081 823 2150 procuratores,
855 2082 977 2130 tutores
1009 2083 1040 2129 et
1071 2068 1301 2148 gubernatores
1324 2065 1464 2129 filiorum
1490 2081 1520 2128 et

258 2173 413 2236 heredum
436 2173 574 2235 condam
592 2173 721 2236 Thome
739 2173 859 2253 Choni,
883 2174 1046 2256 quendam
1062 2174 1216 2256 (h)0rtum
1235 2173 1423 2236 eorumdem
1441 2173 1520 2235 libe-

149 2275 152 2282 ’
258 2299 365 2341 rorum
397 2299 454 2342 seu
485 2278 639 2342 heredum
672 2280 771 2362 ipsius
804 2279 941 2342 condam
976 2280 1104 2342 Thome
1135 2279 1242 2342 Choni
1275 2299 1347 2341 cum
1377 2279 1517 2362 quadam

258 2385 411 2468 particula
428 2401 510 2448 terte
526 2387 586 2447 sibi
604 2385 768 2468 adjacente
786 2387 817 2448 in
837 2387 998 2450 territorio
1015 2401 1046 2448 et
1070 2387 1225 2448 suburbio
1242 2385 1377 2448 civitatis
1395 2383 1515 2468 prefate

257 2513 355 2576 penes
387 2494 550 2574 quandam
583 2507 700 2556 terram
732 2493 894 2555 colendini
932 2491 1200 2556 confraternitatis
1241 2492 1444 2555 sacerdotum
1476 2494 1516 2554 ab

257 2599 426 2662 occidente
450 2599 555 2678 sitam,
579 2620 615 2662 ac
648 2600 730 2662 inter
758 2601 837 2662 duas
870 2600 937 2662 vias
969 2619 1168 2679 communes,
1193 2619 1228 2661 ac
1260 2601 1342 2662 inter
1365 2599 1518 2680 (h)ortum

256 2707 433 2768 liberorum
458 2726 515 2769 seu
538 2726 759 2769 successorum
785 2705 922 2768 condam
949 2707 1078 2769 Andree
1106 2707 1146 2768 de
1171 2706 1386 2792 Zobothycza,
1411 2727 1428 2767 a
1451 2726 1519 2770 rne-

256 2813 381 2876 ridione
406 2815 516 2892 situm,
539 2812 685 2876 habitum
711 2827 742 2876 et
773 2814 922 2893 existens,
947 2833 1020 2875 curn
1052 2814 1117 2875 suis
1149 2813 1339 2875 utilitatibus
1362 2827 1393 2875 et
1424 2814 1518 2896 perti·

256 2921 378 2984 aenciis
403 2921 559 2984 universis
583 2919 708 3003 prefato
733 2920 906 2982 Valentino
930 2919 1027 3001 judici
1053 2934 1083 2983 et
1104 2920 1235 2982 domine
1261 2919 1437 3002 Gasparine
1462 2941 1518 2983 sue

256 3027 396 3090 consorti
420 3047 479 3109 pro
512 3027 625 3108 viginti
650 3026 719 3090 flor.
752 3027 821 3088 auri
853 3026 1069 3088 vendiderunt
1099 3041 1255 3109 perpetuo
1287 3027 1517 3110 possidendum

255 3147 286 3196 et
318 3133 492 3217 superinde
525 3134 586 3215 ipsi
618 3132 792 3196 Valentino
824 3147 855 3196 et
886 3133 1017 3196 domine
1051 3132 1228 3216 Gasparine
1260 3149 1306 3196 est
1336 3134 1427 3196 litera
1458 3137 1517 3197 sub

252 3239 405 3323 pendenti
430 3239 539 3322 sigillo
567 3241 808 3302 communitatis
832 3254 989 3304 emanata.

359 3345 438 3408 ltem
462 3346 594 3408 domina
621 3345 797 3430 Elyzabeth
821 3346 930 3409 relicta
955 3345 1092 3408 condam
1118 3346 1219 3428 Frycz
1243 3345 1337 3427 jurati
1362 3345 1515 3410 directam

252 3467 282 3514 et
307 3453 456 3534 equalem
482 3453 689 3516 medietatem
721 3453 847 3530 domus,
880 3451 971 3514 fundi
1008 3465 1040 3516 et
1071 3451 1294 3516 hedificiorunt
1326 3473 1458 3516 suorum
1483 3456 1515 3516 in

252 3559 337 3621 dicta
352 3559 478 3620 civitate
503 3559 535 3620 in
560 3558 722 3620 vicinitate
743 3559 859 3620 domus
877 3559 1029 3641 Stephani
1054 3559 1166 3620 decani
1196 3575 1341 3621 sutorum
1367 3575 1398 3622 et
1422 3561 1516 3623 vinee

253 3665 285 3727 in
311 3665 474 3728 vicinitate
496 3665 589 3726 vinee
612 3665 789 3727 liberorum
810 3665 947 3728 condam
974 3665 1104 3727 Thome
1129 3665 1306 3748 Oczwyrlr;
1331 3685 1367 3728 ac
1392 3667 1513 3730 medie·

252 3785 350 3834 tatem
367 3771 476 3854 (blorti
491 3771 522 3832 in
540 3771 696 3834 suburbio
714 3771 850 3833 civitatis
869 3772 1011 3854 predicte
1028 3773 1059 3832 in
1078 3772 1241 3834 vicinitate
1259 3771 1367 3854 (h)orti
1382 3769 1515 3854 Georgii

253 3877 346 3954 jurati
372 3878 463 3940 aliter
488 3877 578 3940 Jutse
603 3878 706 3940 vocati
729 3876 788 3939 filii
812 3878 954 3960 Mathye,
977 3897 1050 3940 cum
1068 3879 1133 3940 suis
1157 3878 1348 3940 utilitatibus
1373 3893 1403 3941 et
1419 3881 1514 3961 perti-

251 3984 374 4046 nenciis
399 3984 554 4045 universis
578 3984 687 4046 Marco
711 3983 779 4046 lilio
805 3984 939 4046 Fabiani
964 3983 1116 4068 Pawsych
1146 3985 1291 4046 venatori
1316 3985 1442 4046 domini
1459 3985 1515 4046 Vl·

250 4091 306 4153 rici
330 4091 457 4152 comitis
480 4110 539 4173 pro
564 4091 657 4153 certis
680 4089 843 4152 beneficiis
868 4091 933 4152 suis
958 4091 1091 4153 donavit
1107 4104 1262 4173 perpetuo
1283 4091 1511 4173 possidendam

252 4212 283 4261 et
307 4197 480 4279 superinde
504 4197 564 4259 sibi
589 4211 663 4259 sunt
687 4198 778 4259 litere
794 4199 853 4259 sub
871 4198 1022 4280 pendenti
1039 4197 1147 4280 sigillo
1165 4199 1404 4260 communitatis
1428 4219 1514 4260 ema-

252 4319 326 4366 nate
351 4317 447 4386 atque
472 4303 627 4368 conlecta.

251 4525 334 4598 ltem
363 4526 448 4598 laria
476 4525 622 4598 secunda
651 4529 806 4615 proxima
827 4533 904 4598 ante
933 4527 1056 4598 festum
1086 4525 1341 4598 Purificaciunis
1369 4527 1513 4616 virginis

735 4651 880 4738 gloriose
910 4651 1024 4721 llatie.

756 4816 816 4880 (31.
833 4805 997 4880 januarii).

357 4944 434 5006 ltem
460 4943 625 5028 quoddam
651 4946 875 5006 molendinum
901 4964 1030 5006 currens
1051 4944 1148 5005 simul
1173 4963 1245 5004 cunt
1271 4943 1343 5004 loco
1370 4957 1401 5005 et
1425 4943 1514 5004 hedi·

251 5049 331 5112 ficiis
356 5051 388 5112 in
415 5051 529 5114 eodem
556 5051 745 5114 constructis
769 5071 804 5112 ac
830 5050 968 5132 quadam
994 5063 1075 5112 terra
1105 5051 1216 5111 arabili
1242 5049 1300 5132 ipsi
1326 5051 1515 5112 molendino
