3816 5802
404 491 445 552 66
938 495 1026 552 Anno
1048 497 1143 573 1440.

403 725 479 766 vero
503 718 591 787 parte
615 705 766 767 videlicet
782 707 822 765 ab
838 705 1031 768 occidentali
1059 706 1237 768 liberorum
1268 705 1406 766 condam
1430 707 1556 768 Nicolai
1583 708 1666 788 agri·

403 811 473 872 cole
489 812 598 892 generi
616 813 761 896 Kusyeze
780 812 923 872 mulieris
940 811 1057 890 habita,
1074 813 1170 874 simul
1188 832 1261 875 cum
1278 811 1397 894 (h)orto
1415 813 1537 876 ibidem
1555 813 1668 876 habito

404 918 462 979 sita
477 933 507 979 et
524 919 670 998 existens,
687 919 828 979 mediam
846 919 966 980 curiam
986 921 1063 981 inse
1080 921 1261 998 continens,
1278 940 1315 981 ex
1333 940 1383 1000 e0,
1401 921 1475 1002 quia
1494 922 1534 982 ab
1548 941 1584 982 ea
1601 940 1665 982 non

404 1024 532 1087 luerunt
555 1025 661 1087 solute
684 1039 756 1086 taxe
779 1039 844 1087 tam
873 1025 1081 1087 dominorum
1114 1041 1298 1088 nostrorum
1323 1046 1421 1108 quam
1447 1041 1553 1088 nostre
1578 1046 1668 1088 corn·

404 1149 528 1209 munes,
553 1130 789 1212 vigilatureque
822 1151 858 1192 ac
890 1132 952 1192 alia
987 1132 1093 1193 debita
1126 1146 1158 1194 et
1181 1146 1364 1214 opportuna
1396 1133 1527 1194 servicia
1561 1147 1669 1194 nostra

403 1238 599 1317 communia,
623 1237 758 1320 provide
782 1239 909 1299 mulieri
934 1239 1053 1320 Agneti
1077 1239 1188 1301 relicte
1211 1240 1350 1300 condam
1367 1239 1505 1302 Thome
1523 1239 1669 1320 Hungari

403 1343 508 1405 fratris
532 1345 667 1406 senioris
702 1343 858 1427 Stephani
891 1345 1050 1428 Hungari,
1081 1360 1213 1428 propter
1244 1346 1447 1408 solucionem
1479 1347 1667 1408 eurumdem

403 1451 568 1513 daciorum
604 1466 650 1514 est
681 1465 796 1513 statuta
828 1465 984 1533 perpetuo
1015 1452 1208 1534 possidenda
1241 1466 1272 1514 et
1304 1453 1476 1536 superinde
1509 1465 1556 1514 est
1579 1453 1670 1514 litera

403 1559 462 1620 sub
486 1558 640 1639 pendenti
664 1558 772 1638 sigillo
797 1559 1037 1620 communitatis
1061 1573 1219 1621 emanata.

509 1666 586 1726 ltem
611 1665 743 1740 domina
769 1666 943 1728 Scolastica
965 1666 1076 1728 relicta
1110 1667 1247 1730 condam
1274 1667 1355 1729 Pero
1379 1667 1474 1748 jurati
1499 1666 1557 1731 tilii
1582 1669 1670 1730 Petri

404 1772 537 1856 Saphar,
561 1773 593 1834 in
617 1792 673 1834 sua
698 1786 729 1833 et
752 1773 892 1852 andree,
918 1772 1051 1854 Georgii
1077 1786 1109 1836 et
1132 1773 1288 1835 lobannis
1322 1772 1464 1835 filiorum
1489 1795 1526 1836 ae
1551 1775 1670 1836 Kathe-

403 1879 472 1941 rine
495 1878 572 1959 filie,
596 1898 739 1958 suorum,
763 1879 921 1961 personis,
953 1879 1116 1959 quendam
1142 1879 1294 1960 (h)ortum
1327 1898 1440 1940 eorum
1473 1880 1570 1941 simul
1595 1900 1669 1942 cum

402 1985 529 2047 stabulo
553 1999 584 2046 et
607 1985 734 2068 (h)oreo
758 2005 794 2046 ac
811 1985 910 2046 domo
935 2005 1048 2046 eorum
1074 1986 1106 2046 in
1137 1985 1251 2046 eodem
1270 1985 1388 2067 (h)orto
1404 1986 1521 2048 habitis
1545 1987 1577 2048 in
1594 1988 1671 2048 sub-

402 2092 496 2153 urbio
520 2107 551 2152 et
574 2093 737 2153 territorio
763 2093 900 2154 civitatis
927 2092 1010 2153 inter
1041 2091 1177 2173 (h)ortos
1202 2091 1335 2174 Georgii
1368 2093 1408 2153 de
1431 2093 1612 2155 Petrowina
1638 2106 1672 2154 et

403 2197 580 2260 Clementis
604 2197 698 2278 jurati
722 2197 878 2276 habitum,
896 2198 1001 2260 eidem
1027 2197 1188 2260 Clementi
1211 2198 1315 2281 jurato
1347 2219 1405 2282 pro
1429 2199 1569 2260 sedecim
1593 2219 1668 2261 cum

402 2305 511 2366 medio
542 2303 611 2366 flor.
643 2305 710 2366 auri
742 2304 957 2366 vendiderunt
988 2319 1143 2387 perpetuo
1174 2305 1404 2387 possidendum
1437 2321 1468 2368 et
1496 2305 1671 2388 superinde

402 2411 462 2472 sibi
488 2425 534 2472 est
558 2411 648 2472 litera
667 2411 726 2472 sub
751 2411 903 2492 pendenti
927 2411 1035 2491 sigillo
1060 2411 1299 2472 communitatis
1323 2425 1481 2474 emanata.

429 2633 511 2704 Item
540 2632 626 2703 leria
654 2629 760 2703 tercia
790 2633 822 2701 in
851 2629 968 2720 vigilie
996 2630 1073 2703 lesti
1102 2631 1235 2703 scilicet
1262 2630 1515 2703 Purificacionis
1544 2633 1641 2702 beate

812 2775 942 2845 semper
968 2753 1110 2845 virginis
1138 2753 1252 2827 llarie.

924 2922 965 2984 (1.
982 2909 1158 2985 februarii).

513 3051 590 3112 ltem
616 3048 816 3130 Margaretha
841 3049 957 3112 mulier
989 3051 1095 3111 nutrix
1119 3050 1257 3111 condam
1282 3049 1444 3111 Valentini
1481 3049 1669 3111 stationarii

404 3157 512 3218 relicta
537 3157 628 3218 Pauli
653 3157 780 3234 sutoris,
806 3155 1011 3217 medietatem
1036 3156 1203 3217 cuiusdam
1232 3156 1360 3235 domus,
1384 3153 1476 3216 fundi
1501 3169 1533 3216 et
1555 3153 1670 3215 hedifi-

403 3265 525 3326 ciorum
551 3285 568 3324 a
595 3277 682 3344 parte
708 3263 825 3324 domus
849 3276 879 3323 et
903 3261 995 3323 fundi
1014 3263 1112 3324 Marci
1139 3262 1292 3324 Zwechar
1315 3263 1419 3339 sitam,
1451 3281 1548 3323 unam
1573 3281 1670 3343 quar-

402 3385 466 3432 tam
486 3371 573 3432 eurie
591 3370 621 3430 in
640 3389 673 3430 se
690 3370 920 3446 continentem,
935 3367 1085 3450 Philippo
1101 3389 1221 3449 genero
1239 3369 1381 3430 eiusdem
1398 3368 1496 3429 Marci
1514 3367 1670 3428 Zwechar

401 3496 460 3559 pro
485 3477 629 3557 quinque
653 3473 723 3537 flor.
747 3475 815 3536 auri
840 3473 986 3535 vendidit
1005 3491 1162 3556 perpetuo
1194 3475 1421 3556 possidendam
1446 3489 1477 3534 et
1493 3473 1669 3555 superinde

403 3583 508 3644 eidem
533 3581 684 3663 Philippo
702 3595 749 3642 est
771 3582 862 3642 litera
880 3581 939 3640 sub
953 3580 1104 3661 pendenti
1122 3581 1230 3660 sigillo
1248 3580 1488 3642 communitatis
1505 3595 1668 3641 emanata.

508 3689 586 3749 Item
612 3688 723 3749 Petrus
746 3687 948 3769 Zudrowych
980 3685 1065 3748 filius
1091 3686 1309 3748 bartholomei
1345 3701 1375 3749 et
1399 3686 1559 3768 Georgius
1583 3684 1670 3747 filius

404 3795 551 3876 Gregorii
575 3815 674 3875 gener
698 3795 841 3856 eiusdem
868 3794 952 3856 Petri
970 3793 1183 3875 Zudrowych‚
1207 3793 1370 3873 quandam
1395 3793 1528 3854 domum
1554 3812 1667 3854 eorum

401 3901 499 3962 simul
524 3921 596 3962 curn
623 3899 724 3961 fundo
742 3913 772 3962 et
795 3901 912 3962 celario
930 3901 1138 3961 subterraneo
1163 3919 1199 3960 ac
1216 3898 1374 3961 hedificiis
1391 3900 1423 3960 in
1448 3899 1576 3961 civitate
1594 3918 1667 3980 pre-

402 4005 466 4068 fata
492 4007 574 4067 inter
599 4006 732 4067 domum
758 4019 788 4068 et
820 4005 956 4068 fundum
989 4005 1103 4088 prelati
1128 4005 1291 4067 Valentini
1324 4005 1439 4086 judicis
1473 4005 1570 4066 nostri
1597 4024 1669 4065 mo-

403 4113 495 4174 derni
519 4133 555 4174 ac
579 4133 669 4173 secus
693 4113 760 4172 vias
784 4131 840 4173 seu
864 4112 986 4194 plateas
1019 4131 1208 4172 communes
1236 4111 1389 4190 habitam,
1423 4111 1482 4172 tria
1507 4109 1669 4192 quartalia

404 4219 492 4281 curie
517 4220 549 4280 in
573 4239 606 4280 se
631 4219 861 4297 continentem,
890 4238 963 4280 cum
989 4219 1054 4278 suis
1086 4218 1279 4280 utilitatibus
1302 4233 1333 4280 et
1367 4218 1572 4300 pertinenciis
1597 4217 1669 4278 uni-

403 4329 500 4389 versis
524 4327 662 4388 Nicolao
694 4327 805 4405 sutori,
838 4325 954 4408 jurato,
986 4324 1054 4386 filio
1088 4325 1243 4408 Stephani
1275 4345 1333 4408 pro
1366 4325 1494 4406 triginta
1519 4344 1573 4386 sex
1597 4323 1667 4387 flor.

402 4436 469 4497 auri
495 4434 712 4496 vendiderunt
736 4447 892 4514 perpetuo
909 4432 1137 4512 possidendam
1163 4447 1193 4492 et
1211 4431 1382 4513 superinde
1401 4430 1507 4492 eidem
1531 4430 1668 4491 Nicolao

401 4541 512 4619 sutori,
536 4540 650 4621 jurato,
670 4553 717 4600 est
740 4538 830 4600 litera
855 4539 914 4599 sub
936 4537 1087 4620 pendenti
1113 4537 1220 4617 sigillo
1246 4536 1485 4598 communitatis
1509 4549 1666 4599 emanata.

507 4646 585 4708 ltem
611 4646 766 4707 medietas
791 4646 918 4723 domus,
944 4644 1036 4706 fundi
1069 4658 1098 4706 et
1123 4645 1230 4705 celarii
1264 4644 1463 4708 subterranei
1487 4663 1523 4704 ac
1554 4641 1666 4705 hedifi-

402 4754 525 4814 ciorum
551 4753 582 4813 in
608 4753 691 4814 dicta
717 4752 842 4813 civitate
868 4751 950 4812 inter
974 4752 1090 4812 domos
1114 4765 1145 4811 et
1168 4750 1286 4812 fundos
1314 4750 1469 4812 Demetrii
1495 4750 1612 4811 sutoris
1636 4764 1669 4810 et

402 4859 563 4920 Valentini
589 4859 720 4920 cultoris
744 4857 862 4935 claudi,
898 4858 937 4918 ab
962 4877 1036 4936 una,
1061 4871 1092 4917 et
1115 4871 1204 4938 parte
1229 4858 1268 4917 ab
1295 4857 1394 4918 altera
1418 4857 1500 4918 inter
1525 4853 1663 4916 fundum

402 4967 510 5027 relicte
537 4965 661 5028 Nicolai
687 4965 801 5041 judicis
826 4964 902 5026 dicti
928 4963 1060 5047 lleulryn
1085 4963 1203 5042 habite,
1228 4984 1245 5024 a
1270 4977 1357 5045 parte
1389 4962 1473 5024 dicte
1497 4961 1613 5023 domus
1636 4974 1667 5022 et
