3832 5804
253 809 391 872 dandam
417 826 447 872 et
470 811 644 893 superinde
669 812 746 894 ipsis
769 826 815 873 est
838 812 930 875 litera
955 815 1014 876 sub
1031 815 1185 896 pendenti
1210 817 1317 898 sigillo
1339 818 1518 879 communi-

255 917 328 978 tatis
353 931 509 980 emanata.

357 1024 436 1085 ltem
463 1025 604 1106 quedam
628 1026 722 1087 vinea
747 1027 906 1088 censualis
938 1027 969 1088 in
995 1028 1157 1090 territorio
1182 1029 1319 1091 civitatis
1342 1049 1443 1113 prope
1468 1050 1518 1092 ec·

252 1129 381 1190 clesiam
409 1131 509 1192 sancti
535 1131 668 1212 Georgii
693 1132 832 1194 martiris
856 1133 939 1195 inter
967 1134 1076 1196 vineas
1101 1134 1280 1198 Clementis
1305 1135 1464 1199 carnificis
1488 1149 1519 1199 et

251 1236 407 1298 Anthonii
441 1235 592 1319 lutifiguli
628 1238 753 1316 habita,
785 1238 824 1299 de
853 1258 916 1320 qua
949 1240 1085 1320 singulis
1116 1241 1209 1302 annis
1239 1255 1385 1324 tempore
1409 1243 1518 1305 vinde-

252 1344 420 1405 miacionis
444 1363 580 1406 uvarum
605 1365 658 1406 sex
682 1345 819 1406 cubulos
851 1345 917 1407 vini
942 1366 1141 1428 possessores
1173 1348 1272 1430 ipsius
1296 1349 1389 1410 vinee
1414 1349 1518 1432 capel·

251 1450 326 1511 lano
351 1450 485 1512 ecclesie
518 1450 617 1512 sancti
651 1451 750 1511 Marci
782 1452 987 1532 ewangeliste
1020 1453 1095 1514 dare
1126 1469 1286 1533 tenentur,
1318 1456 1517 1537 Margarethe

251 1557 360 1618 relicte
384 1557 511 1638 providi
537 1557 675 1618 condam
699 1557 758 1618 viri
783 1556 917 1639 Georgii
934 1558 1086 1640 lutifiguli
1108 1580 1145 1621 ex
1164 1561 1331 1642 legacione
1348 1575 1517 1625 testamen·

251 1663 330 1725 tatia
368 1664 468 1744 ipsius
507 1678 553 1724 est
583 1665 642 1725 sub
676 1663 829 1745 pendenti
862 1664 969 1745 sigillo
1001 1665 1242 1728 communitatis
1273 1668 1518 1750 privilegialiter

250 1785 406 1834 emanata.

355 1878 432 1940 Item
458 1876 598 1958 quedam
623 1891 705 1938 terra
729 1877 860 1938 arabilis
892 1897 965 1939 cum
998 1878 1139 1959 virgulto
1164 1879 1225 1940 sibi
1258 1879 1397 1963 desuper
1431 1881 1517 1965 adja-

251 1986 334 2047 centi
359 1985 391 2046 in
415 1983 578 2046 territorio
604 1997 714 2044 nostro
731 2003 787 2046 seu
812 1983 949 2045 civitatis
966 1985 1107 2066 predicte
1136 1986 1218 2047 inter
1242 1985 1322 2047 duas
1346 1987 1413 2048 vias
1430 2006 1517 2049 com·

251 2113 374 2172 munes,
399 2112 496 2154 unam
521 2093 560 2152 ab
586 2091 754 2153 occidente
779 2105 810 2152 et
834 2091 929 2152 aliam
955 2093 1171 2154 ameridione
1195 2091 1349 2173 habitam,
1374 2115 1410 2157 ac
1435 2095 1517 2158 inter

251 2213 367 2260 terram
392 2199 568 2260 liberorum
600 2218 656 2259 seu
688 2217 907 2259 successorum
932 2198 1069 2260 condam
1103 2199 1257 2260 Johannis
1290 2200 1365 2262 dicti
1401 2201 1515 2284 Bolye,

255 2305 416 2366 mediante
451 2303 544 2389 meta]
575 2304 743 2366 cuiusdam
776 2305 898 2366 arboris
931 2305 1083 2386 quercine
1118 2305 1243 2385 habita,
1275 2308 1449 2368 Ambrosio
1485 2321 1516 2370 et

251 2411 389 2473 lobanni
413 2410 488 2474 filiis
512 2411 649 2473 condam
675 2411 748 2472 Jure
780 2411 820 2472 de
846 2410 1022 2494 Mykulych
1055 2425 1102 2473 est
1137 2413 1196 2474 sub
1228 2414 1381 2495 pendenti
1405 2414 1513 2496 sigillo

252 2518 491 2580 communitatis
514 2515 699 2578 confirmata
724 2517 966 2599 privilegialiter
990 2531 1146 2600 perpetuo
1169 2519 1373 2600 possidenda.

356 2624 432 2686 ltem
458 2623 610 2684 dominus
642 2623 780 2685 Michael
812 2625 968 2706 presbiter
1000 2623 1084 2686 filius
1116 2625 1252 2689 condam
1279 2625 1441 2688 Dominici
1474 2627 1514 2690 de

251 2731 432 2814 Thosaycz,
450 2731 624 2792 canonicus
641 2730 773 2791 ecclesie
791 2731 890 2791 sancti
913 2731 996 2812 regis
1014 2731 1179 2813 Stephani,
1197 2733 1360 2814 quandam
1378 2733 1513 2796 domum

249 2857 339 2898 suam
366 2851 522 2898 muratam
541 2851 571 2898 et
596 2835 733 2898 fundum
758 2856 794 2897 ac
810 2836 958 2898 hedificia
978 2837 1110 2898 indicta
1134 2839 1261 2901 civitate
1280 2840 1361 2901 inter
1378 2841 1512 2902 domum

249 2957 406 3006 muratam
432 2957 463 3004 et
486 2941 623 3004 fundum
648 2943 824 3004 liberorum
849 2944 986 3004 condant
1013 2943 1168 3006 lohannis
1201 2966 1324 3028 sporar,
1349 2948 1512 3010 mediante

248 3051 358 3112 semita
384 3049 549 3112 communi
574 3069 591 3110 a
616 3049 807 3128 meridione,
841 3063 872 3112 et
904 3051 985 3112 intra
1018 3051 1152 3113 domurn
1177 3052 1324 3114 similiter
1354 3067 1512 3116 muratam

248 3171 279 3218 et
302 3156 438 3218 lundam
463 3157 639 3218 liberorum
674 3157 811 3218 condam
837 3157 992 3220 Demetrii
1026 3158 1102 3220 dicti
1128 3159 1235 3241 Sepko
1268 3159 1421 3240 habitam,
1446 3181 1511 3224 rne-

250 3263 335 3324 diam
361 3263 481 3325 curiam
506 3263 537 3324 in
563 3282 596 3322 se
621 3263 850 3342 continentem,
875 3265 1013 3326 Martino
1038 3264 1137 3345 judici
1164 3265 1232 3328 filio
1257 3267 1386 3330 Thome
1408 3281 1439 3330 et
1455 3269 1511 3330 do-

251 3370 338 3430 mine
363 3369 528 3432 Dorothee
553 3370 693 3432 consorti
726 3389 781 3432 sue
814 3383 845 3432 et
869 3371 1043 3433 Katherine
1068 3370 1133 3433 filie
1158 3391 1270 3434 eorum
1303 3393 1341 3434 ac
1365 3394 1403 3434 ex
1436 3374 1512 3456 ipsis

247 3476 468 3558 superviventi
500 3475 634 3538 donavit
663 3490 819 3558 perpetuo
851 3477 1078 3559 possidendam
1112 3492 1143 3540 et
1174 3479 1346 3561 superinde
1376 3493 1422 3541 est
1452 3480 1512 3541 sibi

255 3584 313 3644 sub
338 3582 492 3664 pendenti
517 3582 625 3662 sigillo
650 3583 890 3644 communitatis
913 3584 1005 3645 litera
1030 3599 1187 3648 emanata.

353 3688 429 3750 ltem
456 3687 588 3750 domina
613 3689 791 3771 Elyzabeth
816 3690 925 3752 relicta
943 3690 1080 3752 condam
1106 3692 1234 3754 Andree
1260 3693 1335 3754 dicti
1362 3691 1512 3754 Swechar

248 3795 280 3856 in
304 3815 361 3856 sua
386 3808 416 3856 et
441 3794 589 3876 Gregorii
613 3794 669 3857 filii
694 3796 743 3856 sui
771 3797 915 3877 personis
940 3797 1102 3878 quandam
1121 3798 1247 3860 vineam
1273 3819 1363 3860 suam
1388 3813 1419 3860 et
1436 3798 1512 3860 dicti

250 3899 398 3982 Gregorii
423 3899 480 3963 filii
504 3901 564 3981 sui,
590 3903 620 3962 in
647 3902 807 3964 territorio
841 3916 950 3965 nostro
976 3904 1006 3964 in
1042 3917 1152 3965 monte
1176 3905 1317 3966 Pawlow
1342 3905 1431 3965 werh
1456 3923 1510 3965 vo·

248 4021 318 4070 cato
355 4009 436 4069 inter
460 4010 586 4070 vineam
613 4023 643 4070 et
672 4009 847 4089 virgultum
881 4009 1043 4071 Valentini
1076 4011 1255 4089 tributarii,
1280 4031 1296 4072 a
1322 4011 1512 4090 meridione,

247 4128 277 4174 et
301 4115 382 4175 inter
405 4115 518 4176 silvam
546 4116 722 4177 liberorum
740 4115 879 4176 condam
896 4115 1051 4178 lobannis
1075 4116 1132 4178 filii
1151 4119 1237 4180 luce
1255 4119 1396 4200 Bonioli,
1415 4118 1511 4181 simul

249 4239 320 4282 cum
346 4221 492 4302 virgultis
516 4221 620 4283 eidern
646 4221 739 4283 vinee
764 4224 823 4283 sub
841 4235 871 4283 et
895 4221 1115 4302 adjacentibus
1144 4224 1287 4306 predicto
1308 4225 1447 4287 Martino
1465 4224 1511 4305 ju·

249 4326 313 4388 dici
331 4346 388 4408 pro
406 4327 577 4388 duodecim
596 4327 665 4390 flor.
683 4329 750 4389 auri
768 4327 915 4390 vendidit
935 4343 1091 4412 perpetuo
1108 4331 1336 4411 possidendam
1355 4347 1385 4394 et
1401 4351 1510 4414 super·

248 4433 321 4494 inde
348 4447 394 4495 est
417 4435 477 4495 sibi
503 4435 592 4496 litera
617 4436 676 4496 sub
702 4435 853 4516 pendenti
878 4435 985 4516 sigillo
1010 4438 1250 4498 communitatis
1275 4452 1433 4500 emanata.

353 4539 430 4600 ltem
456 4541 595 4621 quedam
614 4542 731 4602 domus
755 4555 786 4602 et
810 4539 928 4602 fundus
948 4543 1053 4603 medie
1070 4544 1156 4603 curie
1176 4545 1257 4604 inter
1283 4543 1415 4605 domum
1434 4544 1513 4605 libe·

250 4665 357 4706 rorum
383 4646 520 4707 condam
556 4647 686 4728 Mathye
718 4648 856 4729 Konych
885 4661 916 4709 et
948 4647 1123 4709 liberorum
1156 4649 1294 4710 condam
1319 4649 1405 4710 lwan
1438 4649 1513 4710 dicti

250 4751 377 4836 Poyeya
402 4751 509 4814 habita
536 4753 652 4834 Egidio
677 4752 816 4814 carnifici
833 4752 901 4814 filio
928 4754 1127 4816 Emericiest
1144 4757 1203 4816 sub
1228 4755 1381 4836 pendenti
1406 4755 1513 4835 sigillo
1539 4799 1540 4802 ,

248 4858 487 4920 communitatis
510 4860 754 4942 privilegialiter
779 4873 942 4923 emanata.

772 5051 983 5071 -—.....0........-.
