3854 5798
393 499 455 576 258
922 495 1009 554 Anno
1032 492 1126 574 1460.

393 711 530 774 condam
555 709 710 772 lobannis
734 708 830 791 primi
854 707 912 769 riri
937 708 985 769 sui
1012 707 1168 790 legittime
1192 719 1378 786 tangentem
1403 720 1433 767 et
1457 723 1654 766 concernen-

391 832 468 898 tem,
492 837 566 878 cum
590 816 744 879 omnibus
767 829 826 878 etc.
859 813 984 896 prelato
1010 813 1094 876 lwan
1120 813 1189 874 viro
1214 833 1273 874 suo
1306 812 1507 895 propinasset
1530 824 1566 872 ut
1589 809 1654 892 jam

392 944 478 987 novo
502 923 626 986 concivi
651 935 762 984 nostro
786 934 817 984 et
841 923 907 982 suia
930 921 1103 983 heredibus
1126 919 1194 998 jure
1219 933 1376 1002 perpetuo
1400 932 1459 981 etc.

498 1029 596 1104 Quod
614 1029 689 1111 quia
709 1029 769 1090 viri
786 1028 913 1110 providi
932 1041 963 1088 et
979 1026 1106 1089 honesti
1125 1026 1271 1088 Thomas
1287 1039 1389 1088 sartor
1405 1027 1525 1106 Bragas
1541 1023 1655 1101 dictus,

392 1137 586 1199 inhabitator
610 1136 694 1197 dicte
718 1135 865 1212 civitatis,
882 1133 1123 1195 commissarius
1139 1134 1277 1195 condam
1292 1131 1426 1214 Georgii
1449 1131 1579 1193 sartoris
1595 1129 1654 1192 filii

392 1243 530 1305 condam
553 1242 716 1303 Valentini
748 1241 872 1303 Ztanko
904 1241 979 1302 dicti
1012 1240 1091 1302 olim
1125 1240 1266 1302 concivis
1297 1239 1416 1320 nostri,
1447 1259 1484 1300 ac
1516 1237 1654 1300 Michael

391 1364 493 1412 sartor
516 1347 600 1410 filius
617 1347 772 1410 lobannis
796 1347 836 1409 de
861 1346 976 1424 Crisio,
995 1347 1136 1408 concivis
1160 1359 1279 1426 noster,
1296 1346 1402 1428 primo
1416 1346 1483 1428 ipse
1508 1343 1655 1406 Thomas

391 1469 492 1518 sartor
516 1455 669 1517 directam
693 1468 724 1515 et
747 1453 896 1536 equalem
921 1453 1128 1516 medietatem
1161 1453 1277 1515 domus
1309 1465 1340 1514 et
1371 1451 1462 1514 lundi
1488 1467 1519 1514 et
1542 1449 1653 1514 hedifi-

392 1564 514 1625 ciorum
540 1562 639 1645 ipsius
670 1561 809 1624 condam
843 1559 976 1642 Georgii
1013 1559 1154 1640 sartoris,
1188 1580 1287 1622 unam
1318 1574 1464 1641 quartam
1489 1560 1594 1634 curie;
1618 1578 1655 1619 ac

391 1669 532 1752 prefatus
564 1667 702 1730 Michael
732 1681 834 1730 sartor
867 1666 952 1729 filius
994 1668 1094 1750 ipsius
1127 1667 1283 1729 lobannis
1315 1667 1412 1728 aliam
1446 1667 1598 1728 directam
1624 1678 1655 1727 et

392 1775 541 1857 equalem
574 1773 780 1836 medietatem
811 1773 896 1835 dicte
928 1773 1045 1834 domus
1078 1787 1109 1834 et
1141 1771 1254 1852 fundi,
1285 1773 1474 1856 porcionem
1506 1771 1655 1834 videlicet

391 1901 493 1960 auam,
517 1881 550 1942 in
574 1881 658 1943 dicta
683 1879 822 1958 civitate,
846 1899 943 1940 unam
968 1893 1115 1960 quartam
1137 1881 1223 1942 curie
1248 1881 1280 1940 in
1305 1899 1338 1940 se
1362 1879 1593 1954 continentem,
1617 1897 1655 1938 ac

391 1989 474 2051 inter
497 1988 613 2050 domos
638 1986 771 2068 Georgii
796 1985 964 2066 carnificis,
981 1988 1021 2048 ab
1046 2006 1121 2066 una,
1145 2001 1176 2048 et
1191 1986 1356 2048 Valentini
1373 1983 1520 2068 pellificis
1537 1986 1653 2066 Ztoysa

391 2093 467 2156 dicti
492 2094 610 2156 civium
636 2092 721 2156 dicte
745 2092 881 2154 civitatis
912 2093 1037 2154 habitas
1066 2107 1098 2154 et
1129 2094 1308 2171 existentes,
1340 2090 1483 2174 prelatus
1509 2091 1653 2153 Thomas

391 2212 492 2262 sartor
516 2200 704 2282 porcionem
728 2199 872 2260 eiusdem
897 2199 1014 2261 domus
1045 2219 1104 2281 pro
1135 2199 1247 2260 decem
1272 2212 1303 2260 et
1326 2213 1400 2260 octo
1425 2199 1532 2280 pensis
1557 2198 1653 2259 dena-

391 2306 524 2384 riorum,
547 2319 720 2368 annotatus
743 2325 819 2366 vero
844 2304 981 2366 Michael
1013 2319 1115 2366 sartor
1146 2305 1333 2386 porcionem
1366 2305 1511 2366 eiusdem
1538 2304 1654 2366 domus

391 2431 447 2474 sue
470 2431 529 2494 pro
553 2424 676 2494 septem
701 2410 771 2472 flor.
795 2411 863 2472 auri
889 2410 1109 2474 vendidissent
1138 2425 1169 2473 et
1192 2411 1404 2474 contulissent
1427 2411 1467 2474 de
1492 2430 1654 2472 consensu

390 2518 569 2581 vicinorum
595 2519 813 2601 predictorum
837 2517 906 2599 jure
930 2533 1085 2600 perpetuo
1110 2519 1293 2582 tenendam.

393 2673 398 2682 .
496 2625 595 2700 Quod
619 2625 694 2706 quia
719 2625 767 2686 vir
804 2624 959 2706 providus
982 2639 1013 2686 et
1044 2624 1198 2687 honestus
1229 2624 1375 2686 Thomas
1398 2638 1500 2687 sartor
1524 2624 1655 2708 Rabych

391 2732 504 2812 dictus,
528 2731 724 2794 inhabitator
747 2730 831 2792 dicte
853 2731 1000 2809 civitatis,
1025 2745 1175 2794 executor
1192 2731 1330 2793 verbalis
1353 2732 1534 2794 testamenti
1561 2731 1651 2793 Pauli

390 2839 523 2902 cultoris
546 2839 623 2900 olim
649 2839 790 2900 concivis
815 2837 914 2899 nostri
939 2836 996 2899 lilii
1023 2838 1174 2916 Emerici,
1205 2837 1372 2920 quomodo
1397 2838 1465 2920 ipse
1490 2837 1653 2919 quandam

390 2946 518 3008 vineam
543 2945 687 3006 eiusdem
712 2943 850 3006 condam
884 2944 975 3006 Pauli
1008 2945 1149 3025 agricole
1183 2943 1306 3027 Coprin
1343 2945 1420 3006 dicti
1444 2943 1544 3025 vulgo
1568 2944 1655 3006 Zaad

391 3052 519 3130 dictam,
545 3051 576 3112 in
601 3051 763 3113 territorio
787 3051 871 3112 dicte
905 3051 1053 3129 civitatis,
1078 3071 1095 3112 a
1127 3064 1215 3132 parte
1240 3051 1494 3134 septemtrionali
1518 3070 1575 3112 seu
1599 3070 1655 3111 au-

389 3158 487 3237 strali,
502 3177 558 3219 nec
583 3177 648 3218 non
672 3157 738 3218 vias
762 3175 951 3218 communes
974 3157 1127 3237 habitam,
1151 3177 1187 3219 ac
1211 3177 1309 3240 penes
1333 3157 1497 3239 quandam
1524 3157 1651 3218 vineam

390 3284 447 3326 seu
471 3263 632 3324 vinealem
656 3262 844 3344 porcionem
870 3263 1108 3326 ameridiouali
1133 3266 1227 3346 plaga
1244 3265 1349 3342 sitam,
1373 3284 1436 3346 que
1454 3277 1545 3327 vetus
1561 3265 1655 3326 vinea

391 3371 508 3434 dicitur
543 3370 673 3432 Martini
705 3371 840 3432 senioris
871 3371 986 3450 judicis
1022 3384 1053 3432 et
1084 3371 1225 3433 concivis
1258 3373 1369 3449 nostri,
1406 3371 1653 3434 ameridionali

391 3477 485 3560 plaga
509 3478 614 3555 sitam,
639 3496 711 3538 curn
737 3477 860 3538 cunctis
883 3477 948 3537 suis
972 3478 1066 3538 metis
1090 3491 1121 3540 et
1148 3478 1354 3560 pertinenciis
1377 3479 1535 3540 universis
1559 3492 1655 3560 prout-

390 3585 423 3646 in
448 3583 609 3665 prioribus
624 3583 725 3644 literis
749 3582 918 3661 habentur,
935 3597 1088 3644 annotato
1107 3584 1247 3646 Martino
1264 3585 1382 3647 seniori
1407 3584 1505 3665 judici
1530 3599 1561 3646 et
1577 3605 1652 3646 con-

390 3691 451 3752 civi
475 3703 584 3751 nostro
608 3709 644 3750 ac
659 3709 716 3771 per
741 3709 814 3750 eum
834 3690 934 3770 ipsius
953 3689 1127 3751 heredibus
1145 3710 1202 3772 pro
1216 3691 1361 3772 quinque
1378 3690 1448 3754 flor.
1473 3692 1541 3753 auri
1559 3691 1652 3774 plene

389 3795 494 3857 eidem
519 3795 648 3856 Thome
672 3796 873 3878 carpentario
899 3795 981 3857 datis
1009 3809 1040 3857 et
1064 3797 1236 3877 persolutis
1270 3797 1468 3860 vendidisset
1491 3798 1558 3880 jure
1578 3813 1652 3881 ¹per·

389 3915 487 3983 petuo
512 3915 543 3964 et
568 3901 819 3963 irrevocabiliter
843 3901 1070 3984 possidendam
1099 3917 1156 3965 etc.

495 4006 591 4081 Quod
617 4007 692 4088 quia
709 4008 758 4068 vir
781 4007 951 4088 religiosus
969 4007 1064 4071 frater
1082 4009 1239 4072 Martinus
1256 4023 1362 4073 custos
1380 4010 1502 4072 ordinis
1519 4009 1652 4074 fratrum

390 4113 551 4174 minorum
578 4113 705 4173 claustri
730 4115 828 4174 sancti
864 4115 1025 4176 Francisci
1050 4115 1089 4176 de
1123 4117 1279 4196 Zagrabia
1310 4115 1457 4178 vendidit
1489 4117 1652 4199 quandam

387 4219 515 4280 vineam
541 4219 679 4280 condam
705 4218 854 4300 Gregorii
879 4221 1033 4283 institoris
1056 4221 1274 4304 Wrecharych
1293 4223 1380 4302 dicti,
1406 4223 1484 4284 olim
1510 4223 1603 4302 jurati
1622 4237 1652 4284 et

388 4325 529 4386 concivis
553 4326 663 4404 nostri,
688 4325 720 4386 in
745 4327 906 4389 territorio
932 4327 1015 4389 dicte
1041 4328 1186 4406 civitatis,
1211 4349 1247 4390 ac
1272 4329 1355 4390 inter
1378 4329 1499 4404 vineas,
1518 4331 1558 4391 ab
1576 4350 1650 4408 una,

388 4431 485 4492 Blasii
510 4429 689 4512 freniparis,
714 4433 752 4493 ab
777 4432 876 4494 altera
894 4453 970 4494 vero
988 4433 1150 4496 Valentini
1168 4435 1308 4515 agricole
1327 4435 1546 4520 Ztoykowych
1564 4436 1651 4512 dicti,

389 4537 570 4600 concivium
596 4551 790 4616 nostrorum,
815 4559 832 4599 a
856 4539 951 4620 plaga
987 4541 1254 4622 septemtrionali,
1287 4540 1425 4624 desuper
1449 4563 1465 4603 a
1490 4542 1541 4603 via
1566 4557 1656 4604 com·'

387 4643 476 4703 muni
502 4643 541 4704 ab
566 4644 690 4705 oriente
714 4643 834 4722 habita,
868 4659 899 4706 et
932 4643 1013 4707 infra
1038 4666 1140 4728 usque
1174 4647 1315 4708 rivulum
1340 4649 1380 4710 ab
1405 4649 1573 4710 occidente
1598 4649 1658 4719 deff

386 4763 565 4809 currentem
590 4769 689 4830 seque
715 4751 950 4829 extendentem,
975 4752 1053 4814 alias
1069 4754 1328 4816 condicionalem
1353 4775 1438 4816 nunc
1462 4755 1598 4830 liberam
1621 4769 1652 4816 et

386 4867 578 4936 exemptam,
602 4870 632 4916 et
657 4876 712 4937 per
737 4857 877 4918 cundem
910 4859 1048 4919 condam
1075 4861 1250 4922 Martinum
1275 4876 1428 4923 sartorem
1455 4874 1487 4924 et
1510 4881 1649 4923 rasorem

385 4979 565 5042 pannorum
602 4962 633 5023 in
667 4963 781 5024 ultimo
823 4984 882 5025 suo
918 4979 1109 5028 testamento
1153 4966 1302 5028 iratribus
1345 4969 1445 5030 sancti
1489 4969 1648 5030 Francisci
