3832 5804
811 529 898 587 Anno
921 528 1013 606 1462.
1481 546 1540 610 215

280 736 377 800 fenile
401 737 529 820 providi
553 738 612 800 viri
639 738 735 799 Blasii
760 738 997 822 Zthoymylych
1015 738 1139 821 pridem
1163 739 1280 821 judicis
1303 755 1335 804 et
1358 742 1541 805 concivium

279 859 462 906 nostrorum
487 864 504 906 a
529 844 709 906 meridione
734 843 874 906 habitam
909 846 1053 926 quelibet
1081 846 1221 928 ipsarum
1253 867 1312 930 pro
1337 861 1410 910 octo
1434 849 1543 932 pensis

279 950 486 1015 denariorum
500 951 733 1013 wiennensium
746 951 967 1014 vendidissent
979 948 1104 1034 prefato
1119 952 1291 1016 Valentino
1302 954 1464 1038 Pangracz
1482 969 1541 1018 etc.

385 1057 463 1120 ltem
489 1057 564 1140 quia
596 1057 731 1140 provida
765 1057 881 1120 mulier
913 1058 1089 1121 Katherina
1119 1075 1231 1122 vocata
1264 1061 1373 1123 relicta
1404 1063 1542 1125 condam

282 1161 382 1226 Blasii
415 1164 569 1226 institoris
592 1161 650 1226 filii
683 1163 820 1226 condam
853 1163 982 1227 Thome
1013 1165 1247 1250 Wgrinowych
1279 1167 1358 1230 olim
1382 1168 1476 1248 jurati
1509 1184 1541 1232 et

279 1271 431 1352 concivis,
462 1271 615 1333 omnibus
647 1271 798 1333 oneribus
830 1285 861 1333 et
890 1271 1282 1353 gravaminibusAElene,
1316 1273 1479 1338 Dorothee
1511 1288 1542 1337 et

279 1378 479 1459 Margarethe
503 1376 641 1440 filiarum
659 1397 790 1439 suarum
815 1378 846 1439 iu
866 1397 899 1439 se
918 1378 1099 1460 assumptis,
1124 1393 1157 1440 ut
1174 1379 1242 1462 ipsa
1265 1399 1324 1462 pro
1349 1380 1541 1462 quibusdam

279 1486 439 1568 prioribus
471 1485 587 1547 debitis
612 1482 725 1567 prefati
758 1485 856 1546 Blasii
888 1485 994 1547 mariti
1025 1485 1073 1546 sui
1106 1485 1344 1568 persolvendis,
1378 1487 1541 1569 quandam

279 1591 413 1654 domum
438 1589 556 1676 (suam)
581 1605 612 1654 et
628 1591 843 1673 predictarum
861 1587 999 1652 filiarum
1023 1611 1153 1653 suarum
1172 1605 1329 1654 muratam
1353 1592 1450 1654 simul
1468 1613 1542 1656 cum

278 1698 420 1761 stacione
445 1699 557 1761 subtus
581 1697 717 1760 eandem
735 1698 868 1760 domum
887 1711 1057 1778 muratam,
1074 1697 1170 1760 simul
1188 1719 1261 1761 cum
1278 1698 1380 1762 fundo
1406 1713 1436 1761 et
1453 1699 1541 1762 hedi-

279 1802 360 1866 ficiis
383 1804 487 1866 eidem
513 1804 625 1866 domui
657 1803 910 1886 supraedificatis
942 1818 974 1867 et
1003 1805 1145 1867 stacione
1180 1805 1212 1868 iu
1246 1805 1329 1870 dicta
1353 1806 1481 1868 civitate
1506 1827 1542 1870 ac

278 1913 360 1974 inter
384 1911 518 1974 domum
542 1911 689 1974 similiter
713 1925 869 1973 muratam
895 1931 967 1973 cum
997 1911 1193 1974 stacionibus
1218 1925 1249 1975 et
1272 1911 1380 1975 fundis
1405 1913 1540 1995 Georgii

278 2017 424 2101 pellificis
454 2018 511 2081 lilii
543 2018 696 2101 Stephani
729 2019 768 2079 de
800 2018 902 2080 Peker
932 2020 973 2080 ab
996 2018 1120 2080 oriente
1149 2039 1185 2080 ac
1217 2018 1298 2081 inter
1332 2018 1468 2082 fundum
1505 2040 1541 2082 ac

279 2125 362 2187 inter
386 2125 465 2187 duas
489 2139 596 2208 portas
620 2124 763 2206 lapideas
787 2137 818 2186 et
842 2125 937 2186 aliam
970 2125 1144 2188 stacionem
1171 2139 1202 2186 et
1226 2124 1359 2188 domum
1382 2141 1540 2188 muratam

277 2243 431 2294 annotate
456 2231 588 2293 domiue
613 2231 788 2293 Katherine
820 2245 851 2293 et
881 2229 1020 2293 filiarum
1053 2251 1184 2293 suarum
1207 2233 1247 2294 ab
1279 2232 1427 2294 orientali
1451 2246 1540 2315 parte

277 2339 317 2401 ab
342 2357 405 2400 uua
429 2337 534 2420 platea
559 2357 616 2400 seu
640 2337 690 2399 via
715 2337 879 2398 communi
904 2351 1082 2420 separatam
1108 2351 1138 2400 et
1162 2357 1263 2420 usque
1288 2338 1327 2400 ad
1352 2338 1448 2401 aliam
1472 2339 1540 2421 pla-

277 2459 361 2508 team
386 2464 404 2506 a
429 2443 608 2506 meridiane
632 2444 718 2522 sitas,
742 2443 876 2522 habitas,
903 2463 998 2505 unam
1024 2463 1097 2506 curu
1122 2445 1229 2508 media
1253 2445 1355 2507 curias
1380 2445 1419 2507 ad
1444 2465 1537 2507 usum

276 2551 412 2614 civitatis
436 2564 600 2634 prenotate
625 2551 657 2612 in
683 2571 715 2612 se
741 2551 959 2613 continentem
978 2549 1142 2634 Stephano
1170 2551 1308 2614 institori
1331 2549 1399 2614 filio
1423 2549 1538 2634 prefati

277 2657 413 2720 condam
440 2657 570 2720 Thome
600 2656 816 2740 Vgrinowych
851 2655 938 2720 fratri
967 2658 1066 2740 ipsius
1099 2659 1236 2722 condam
1262 2659 1359 2720 Blasii
1384 2657 1540 2721 institoris

278 2785 335 2849 pro
360 2763 596 2847 quinquaginta
620 2777 693 2826 octo
717 2762 787 2826 flor.
811 2765 880 2826 auri
905 2765 1102 2828 vendidisset
1126 2779 1184 2832 etc.

382 2871 460 2934 Item
485 2870 685 2934 honorabilis
710 2872 758 2932 vir
783 2871 934 2953 magister
955 2871 1144 2935 Franciscus
1168 2872 1207 2934 de
1233 2871 1343 2935 Othok
1367 2873 1541 2935 canonicus

277 2981 409 3043 ecclesie
433 2979 661 3060 zagrabieusis,
685 2979 827 3041 concivis
851 2992 958 3041 noster
975 2993 1045 3059 etc,
1069 2993 1104 3042 ut
1124 2980 1192 3063 ipse
1216 2979 1379 3061 quandam
1404 2979 1539 3042 domum

276 3105 367 3148 suam
389 3085 487 3148 simul
510 3105 584 3147 cum
608 3085 710 3147 fundo
735 3098 766 3148 et
787 3083 920 3148 edificiis
944 3100 1009 3147 tam
1034 3085 1133 3167 lignei
1165 3105 1263 3168 quam
1287 3085 1406 3169 lapidei
1431 3087 1539 3170 operis

277 3193 381 3255 eidem
407 3191 520 3254 domui
552 3205 675 3254 murate
699 3191 928 3274 adjacentibus,
953 3192 986 3254 in
1011 3191 1094 3254 dicta
1119 3192 1246 3255 civitate
1277 3193 1359 3254 iuter
1384 3204 1415 3254 et
1439 3212 1539 3275 penes

278 3299 412 3362 domum
436 3293 595 3362 maistam
621 3299 751 3382 Mathey
778 3299 962 3361 stacionarii
994 3297 1052 3360 filii
1078 3299 1237 3360 Lodouici
1269 3299 1347 3361 olim
1372 3299 1477 3380 jurati,
1498 3299 1539 3361 ab

278 3426 340 3468 una
365 3405 515 3468 videlicet
539 3407 579 3467 ab
604 3406 752 3467 orientali
777 3419 808 3467 et
832 3406 914 3467 inter
939 3402 1077 3466 fundum
1101 3405 1238 3467 condam
1269 3405 1425 3468 Anthonii
1449 3425 1537 3467 arcu·

277 3514 362 3597 paris
385 3513 477 3576 aliter
500 3513 603 3574 lanko
626 3512 705 3574 olim
730 3513 872 3574 concivis
897 3512 996 3573 nostri
1021 3513 1060 3573 ab
1093 3512 1192 3574 altera
1217 3511 1367 3573 videlicet
1391 3513 1430 3572 ab
1455 3513 1539 3574 occi-

278 3621 397 3684 dentali
423 3634 512 3704 parte
536 3619 690 3699 habitam,
719 3640 816 3682 unam
848 3621 1005 3701 integram
1038 3619 1160 3680 curiam
1185 3619 1217 3680 iu
1249 3639 1282 3680 se
1307 3619 1537 3698 continentem,

276 3729 381 3811 ipsum
406 3725 594 3808 magistrum
620 3726 825 3788 Franciscum
851 3725 981 3788 anobis
1006 3740 1037 3787 et
1060 3739 1126 3787 tota
1144 3725 1374 3788 communitate
1399 3745 1457 3808 pro
1474 3726 1539 3786 suis

276 3833 480 3896 multimodis
502 3833 673 3895 virtutibus
696 3833 791 3894 nobis
807 3832 949 3915 inpensis
967 3847 997 3894 et
1014 3834 1046 3893 in
1067 3829 1211 3895 futurum
1235 3831 1450 3913 inpendendis
1467 3846 1539 3911 etc.,

275 3941 372 4003 simul
396 3960 470 4002 cum
495 3939 648 4001 omnibus
679 3953 738 4001 etc.
770 3939 839 4000 viro
871 3937 1008 4021 provido
1041 3937 1171 4000 Matheo
1203 3937 1396 3999 stacionario
1428 3952 1458 3999 et
1481 3956 1538 4020 per

276 4067 350 4110 eum
375 4047 440 4109 suis
471 4045 644 4108 heredibus
674 4065 732 4128 pro
766 4045 915 4107 undecim
947 4045 1016 4109 flor.
1050 4045 1118 4107 auri
1150 4044 1347 4107 vendidisset
1379 4064 1415 4106 ac
1449 4044 1536 4126 juxta

277 4153 505 4217 condicionem
530 4167 590 4215 etc.

380 4259 425 4324 Ut
449 4259 524 4341 quia
549 4259 703 4342 providus
734 4259 781 4321 vir
805 4258 990 4320 Anthonius
1022 4258 1221 4344 Oprasnych,
1252 4257 1394 4320 concivis
1417 4271 1536 4338 noster,

275 4367 366 4429 heres
389 4385 447 4428 seu
472 4385 634 4428 successor
660 4366 796 4428 condam
822 4365 950 4426 Andree
982 4365 1144 4446 arcuparis
1168 4364 1321 4447 Zwylych
1354 4363 1429 4426 dicti
1454 4364 1534 4425 olim

273 4473 367 4557 jurati
393 4487 424 4535 et
446 4473 588 4536 concivis
614 4473 725 4552 nostri,
750 4472 843 4534 nobis
867 4471 1045 4553 significare
1063 4473 1185 4534 curavit
1209 4491 1247 4534 eo
1272 4470 1382 4551 mod0,
1407 4485 1441 4532 ut
1459 4489 1536 4552 que-

274 4581 347 4642 dam
371 4581 463 4642 litera
488 4592 595 4642 nostra
619 4599 675 4641 seu
700 4579 837 4642 civitatis
857 4578 977 4661 prefate
995 4577 1110 4662 prelati
1133 4578 1270 4640 condam
1290 4578 1417 4641 Andree
1442 4578 1536 4660 Zwy·

274 4687 347 4770 lych
371 4687 447 4749 dicti
472 4706 567 4769 super
592 4688 731 4768 quadarn
756 4687 849 4748 vinea
867 4686 899 4747 in
916 4685 1028 4748 silvam
1052 4686 1179 4749 redacta
1197 4687 1228 4748 in
1246 4686 1406 4748 territorio
1425 4697 1536 4746 nostro

274 4814 309 4856 ac
334 4813 432 4877 penes
456 4794 551 4856 aliam
574 4793 689 4855 silvam
713 4793 857 4856 annotati
881 4791 1039 4854 Anthonii
1064 4791 1218 4854 carnificis
1243 4813 1260 4853 a
1284 4807 1372 4874 parte
1397 4803 1535 4874 septem·

274 4901 403 4964 trionali
428 4901 569 4964 habitam
593 4902 699 4984 ipsum
727 4901 930 4964 Anthonium
948 4901 987 4962 ab
1006 4900 1156 4982 religioso
1181 4900 1250 4961 viro
1267 4898 1361 4961 fratre
1381 4898 1536 4984 Dyonisio

275 5008 434 5072 monacho
459 5009 648 5071 donacionis
671 5008 766 5070 titulo
796 5007 971 5070 literatorie
1004 5020 1263 5085 conternantem,
1288 5025 1359 5068 cum
1385 5005 1536 5069 omnibus
