3816 5802
774 495 861 554 Anno
884 492 976 573 1446.
1467 495 1506 575 65

347 707 423 768 Item
450 707 590 788 quedam
615 706 743 785 domus,
775 705 895 768 fundus
927 721 958 768 et
986 705 1134 770 hedificia
1165 706 1305 768 condam
1331 707 1508 769 Katberine

240 813 348 874 relicte
374 812 510 874 condam
538 812 696 890 Pentheia,
722 812 899 875 incivitate
923 812 1065 895 predicta
1083 813 1165 874 inter
1189 811 1305 874 domos
1329 813 1507 875 liberorum

240 918 379 980 condam
404 917 558 1001 Stephani
585 918 817 1002 Oczthowycb,
841 920 881 980 ab
906 937 968 980 una
994 933 1093 1001 parte,
1117 920 1156 980 ab
1181 919 1279 980 altera
1303 939 1381 981 vero
1406 920 1505 981 Fran·

241 1024 315 1086 cisci
349 1025 466 1086 literati
499 1038 529 1086 et
554 1024 682 1088 Thome
717 1023 905 1108 Grozynecz
936 1025 1063 1104 habita,
1095 1025 1236 1087 mediam
1264 1026 1385 1088 curiam
1418 1025 1449 1087 in
1474 1047 1508 1089 se

240 1130 419 1210 continens,
444 1151 500 1213 per
517 1131 744 1194 vendicionem
761 1131 904 1213 predicte
919 1131 1094 1193 Katherine
1111 1131 1255 1193 mulieris
1274 1130 1504 1194 Bartholomeo

241 1237 383 1317 agricole
415 1236 483 1300 filio
508 1238 671 1300 Valentini
705 1238 829 1300 concivi
862 1253 971 1300 nostro
1003 1238 1178 1300 literatorie
1209 1237 1281 1321 (est)
1305 1249 1420 1300 statuta
1444 1239 1503 1300 sub

241 1343 396 1424 pendenti
420 1344 528 1426 sigillo
552 1345 793 1407 communitatis
817 1357 973 1426 perpetuo
1001 1343 1205 1426 possidenda.

347 1450 424 1512 Item
450 1451 618 1534 Philippus
642 1449 727 1512 filius
751 1451 835 1512 Petri
860 1449 900 1512 de
925 1451 984 1512 sub
1009 1466 1113 1513 castro
1136 1450 1213 1512 Bela
1238 1463 1363 1530 vocatO,
1387 1449 1506 1512 medie-

239 1569 338 1618 tatem
362 1557 528 1619 cuiusdam
555 1557 682 1636 domus,
700 1556 792 1618 fundi
818 1569 849 1620 et
873 1557 980 1618 celarii
997 1557 1195 1619 subterranei
1220 1577 1256 1618 ac
1280 1553 1505 1618 hedificiorum

239 1662 270 1722 in
296 1662 380 1725 dicta
405 1664 533 1725 civitate
557 1664 639 1724 inter
671 1663 786 1724 domos
819 1677 850 1725 et
883 1662 1001 1725 fundos
1033 1663 1177 1726 eiusdem
1202 1663 1355 1745 Philippi,
1380 1665 1419 1724 ab
1445 1682 1506 1724 una

238 1783 338 1849 parte,
363 1782 394 1830 et
418 1783 507 1851 parte
531 1770 571 1830 ab
595 1770 693 1831 altera
719 1769 875 1830 Anthonii
907 1768 1062 1831 carnificis
1100 1767 1257 1831 Joffanow
1283 1769 1360 1830 dicti
1384 1767 1504 1848 habite,

239 1893 335 1934 unam
362 1889 509 1956 quartam
534 1889 565 1936 et
590 1875 729 1936 mediam
754 1888 900 1936 octavam
919 1875 1005 1938 curie
1031 1875 1063 1936 in
1088 1895 1121 1937 se
1145 1875 1376 1955 continentem,
1394 1875 1504 1938 Marco

238 1981 436 2043 candelatori
469 1981 556 2044 dicto
586 1981 752 2058 Zwechar,
784 2001 896 2044 socero
928 2002 1007 2060 suo,
1042 2002 1100 2065 pro
1134 1981 1306 2044 medietate
1337 1981 1506 2044 cuiusdam

238 2087 332 2148 vinee
365 2088 509 2150 eiusdem
545 2089 644 2150 Marci
677 2088 830 2150 Zwechar
862 2091 894 2150 in
927 2090 1088 2152 territorio
1120 2089 1263 2172 Capituli
1289 2090 1506 2171 zagrabiensis

240 2192 359 2271 habite,
384 2214 440 2275 per
464 2195 597 2257 modum
624 2195 803 2256 concambii
822 2216 859 2256 ex
881 2214 1039 2258 consensu
1056 2195 1258 2278 Margarethe
1282 2196 1391 2258 uxoris
1408 2197 1506 2279 ipsius

239 2297 381 2382 Philippi
415 2301 504 2364 dedit
536 2314 692 2384 perpetuo
725 2301 954 2383 possidendam
986 2317 1017 2364 et
1048 2302 1220 2386 superinde
1252 2315 1300 2364 est
1329 2303 1422 2366 litera
1445 2306 1504 2366 sub

238 2406 393 2487 pendenti
419 2408 528 2489 sigillo
552 2409 794 2470 communitatis
822 2423 981 2471 emanata.

346 2511 423 2574 Item
448 2513 640 2575 Valentinus
674 2513 757 2576 lilius
781 2514 916 2577 Fabiani
950 2513 1028 2578 Wlk
1061 2514 1102 2576 de
1126 2515 1272 2601 Rakarya
1298 2530 1329 2578 et
1360 2515 1506 2579 Thomas

238 2617 324 2680 lilius
349 2621 504 2682 iohannis
528 2620 585 2683 filii
619 2621 755 2704 predicti
780 2622 858 2684 Wlk
892 2642 927 2684 ac
951 2622 1142 2684 Valentinus
1173 2621 1258 2684 filius
1283 2623 1422 2706 Philippi
1446 2623 1504 2686 filii

238 2727 383 2787 eiusdem
408 2727 497 2805 wll,
523 2727 718 2789 habitatores
751 2727 835 2790 dicte
865 2728 1011 2806 civitatis,
1044 2729 1208 2810 quandam
1231 2729 1365 2790 domurn
1390 2748 1502 2791 eorum

238 2848 396 2895 muratam
414 2853 487 2895 cum
506 2832 608 2896 fundo
633 2848 664 2897 et
681 2833 837 2897 hedificiis
853 2835 885 2896 in
904 2835 988 2896 dicta
1006 2835 1133 2897 civitate
1158 2835 1240 2897 inter
1264 2834 1398 2897 domum
1417 2836 1500 2898 Mar·

238 2940 297 3002 tini
321 2940 437 3022 judicis
460 2937 519 3002 lilii
545 2940 674 3004 Thome
699 2961 735 3003 ac
759 2943 842 3004 inter
873 2943 940 3003 vias
965 2960 1154 3003 communes
1178 2941 1332 3021 habitam,
1360 2943 1502 3006 mediam

237 3047 359 3110 curiam
384 3047 452 3109 sine
477 3060 590 3110 octava
614 3067 678 3109 una
701 3067 758 3110 seu
783 3067 881 3110 unam
906 3061 1049 3129 qaartam
1074 3061 1105 3109 et
1128 3062 1275 3110 octavam
1301 3049 1387 3110 curie
1411 3049 1443 3110 in
1468 3069 1501 3111 se

237 3154 469 3232 continentem,
494 3173 566 3215 curn
592 3155 761 3216 securitate
785 3155 836 3216 vie
861 3154 901 3216 ad
919 3168 1044 3236 portam
1063 3154 1207 3216 eiusdem
1238 3153 1354 3216 domus
1378 3170 1503 3218 murate

238 3281 256 3320 a
281 3275 369 3342 parte
396 3260 601 3322 meridionali
627 3259 746 3339 habite,
771 3261 877 3322 eidem
903 3261 1043 3322 Martino
1060 3261 1158 3342 judici
1183 3280 1241 3342 pro
1266 3260 1407 3322 sedecim
1431 3261 1502 3324 flor.

238 3366 307 3427 auri
332 3366 546 3427 vendiderunt
569 3379 724 3449 perpetuo
749 3366 978 3448 possidendam
1003 3380 1034 3426 et
1055 3365 1228 3447 superinde
1253 3377 1300 3427 est
1323 3365 1415 3429 litera
1441 3368 1500 3428 sub

239 3473 393 3554 pendenti
418 3472 526 3554 sigillo
550 3471 791 3534 communitatis
815 3485 973 3534 emanata.

345 3579 423 3642 Item
448 3579 604 3641 medietas
628 3578 745 3640 domus
763 3593 885 3641 murate
903 3593 933 3640 et
957 3577 1049 3640 fundi
1067 3597 1103 3640 ac
1119 3575 1345 3640 hedificiorum
1370 3577 1402 3638 in
1427 3577 1502 3640 civi·

238 3697 302 3746 tate
327 3685 469 3768 predicta
494 3685 576 3746 inter
599 3683 738 3746 fundum
763 3685 883 3747 Videcz
915 3683 1082 3763 carnificis,
1110 3685 1150 3745 ab
1182 3703 1246 3746 una
1271 3697 1371 3765 parte,
1395 3685 1435 3745 ab
1458 3685 1503 3746 al·

238 3804 306 3852 tera
330 3810 407 3852 vero
432 3791 513 3852 inter
538 3789 675 3852 fundum
708 3805 739 3853 et
763 3791 897 3852 domum
931 3791 1085 3872 Stephani
1117 3790 1246 3852 sartoris
1270 3803 1301 3851 et
1325 3789 1504 3852 Clementis

238 3899 369 3960 sartoris
385 3898 504 3977 habite,
529 3898 616 3978 juxta
633 3918 762 3961 murum
780 3899 917 3960 civitatis
934 3899 1075 3980 predicte
1092 3897 1150 3958 site
1168 3911 1198 3958 et
1215 3897 1388 3976 existentis,
1405 3917 1503 3959 unam

238 4017 387 4086 quartam
413 4005 499 4066 curie
524 4006 556 4065 in
581 4024 614 4066 se
646 4006 832 4083 continens,
858 4003 1017 4086 Gregorio
1050 4002 1127 4065 Mali
1159 4003 1246 4065 dicto
1271 4002 1338 4065 filio
1363 4003 1504 4082 Thome‚

239 4112 363 4172 concivi
390 4125 510 4190 nostro,
536 4127 567 4173 et
591 4112 653 4173 alia
671 4111 827 4174 medietas
852 4111 996 4172 eiusdem
1014 4111 1142 4189 domus,
1167 4109 1258 4171 fundi
1285 4123 1315 4171 et
1339 4108 1503 4171 hedificio·

238 4239 323 4298 rum,
347 4239 445 4280 unam
470 4219 617 4281 similiter
642 4235 789 4300 quartam
822 4218 911 4280 curie
943 4217 975 4279 in
999 4237 1032 4278 se
1064 4218 1244 4296 continens,
1270 4215 1412 4299 Georgio
1436 4215 1504 4278 filio

238 4325 354 4407 Kyrini
379 4326 418 4386 de
445 4325 637 4387 Deschewcz
661 4346 717 4408 per
740 4325 946 4407 emptionem
980 4343 1092 4386 eorum
1117 4339 1164 4385 est
1187 4323 1363 4385 literatorie
1387 4337 1503 4384 statuta

237 4445 394 4515 perpetuo
418 4432 612 4516 possidenda
645 4447 676 4495 et
706 4431 879 4516 superinde
911 4445 957 4494 est
988 4432 1079 4494 litera
1111 4433 1170 4494 sub
1202 4431 1354 4514 pendenti
1388 4431 1498 4513 sigillo

239 4540 480 4602 communitatis
504 4541 656 4622 predictis
678 4541 837 4602 ambobus
862 4540 986 4601 civibus
1010 4552 1170 4601 emanata.

344 4645 422 4706 Item
448 4647 587 4728 quedam
614 4647 730 4707 domus
754 4645 859 4727 lignea
886 4645 982 4706 simul
1007 4665 1080 4706 cum
1106 4643 1208 4706 lundo
1233 4657 1264 4706 et
1289 4643 1446 4706 hedificiis
1471 4644 1504 4706 in

238 4753 393 4814 suburbio
417 4753 553 4814 civitatis
577 4753 718 4835 predicte
743 4773 843 4835 prope
860 4753 1028 4814 ecclesiam
1054 4753 1137 4814 beati
1157 4752 1285 4814 Martini
1314 4751 1505 4814 confessoris

239 4873 271 4922 et
295 4857 466 4941 pontificis,
491 4861 572 4922 inter
597 4861 723 4938 domos,
748 4858 866 4921 lundos
890 4872 920 4920 et
953 4859 1091 4938 (h)0rtos
1124 4857 1257 4939 Georgii
1282 4859 1422 4938 agricole
1446 4857 1503 4920 filii

240 4967 380 5030 Emetici
405 4967 616 5051 Bedowlych‚
640 4969 679 5029 ab
705 4987 768 5028 una
792 4980 881 5050 parte
916 4967 1068 5030 videlicet
1092 4967 1131 5028 ab
1156 4965 1317 5045 orientali,
1342 4968 1382 5027 ab
1407 4965 1504 5028 altera

1394 5075 1408 5155 l
