3816 5802
821 559 908 616 Am
930 571 1025 671 {sas
1499 579 1540 638 45

277 769 443 832 cuiusdam
469 769 597 850 domus,
622 769 713 833 fundi
747 786 778 833 ot
808 769 1045 848 hedificiorum‚
1069 770 1257 852 porcionem
1290 772 1411 834 scilicet
1443 772 1543 855 ipsius

277 875 367 937 Pauli
400 877 574 959 arcuparis,
608 877 641 939 in
673 877 745 939 vico
777 877 926 939 exteriori
957 892 1102 938 sutorum
1128 876 1209 938 inter
1241 877 1356 940 domos
1388 879 1542 940 lobannis

275 978 356 1044 fabri
380 995 412 1044 et
435 981 624 1066 Goryanecz
648 983 732 1046 Petri
756 1003 793 1046 ac
817 981 947 1045 Thome
976 981 1144 1064 freniparis
1183 981 1289 1045 habite
1314 999 1345 1046 et
1369 985 1542 1064 existentis,

276 1107 372 1150 unam
397 1089 548 1151 videlicet
572 1103 719 1170 quartam
752 1090 839 1153 curie
864 1091 896 1150 in
929 1109 962 1150 se
987 1089 1219 1166 continentem,
1252 1089 1420 1154 Anthonio
1452 1111 1541 1154 arcu-

275 1195 342 1276 pari
367 1194 453 1258 dicto
477 1195 580 1258 lanko
604 1195 750 1258 vendidit
774 1209 930 1278 perpetuo
955 1193 1194 1277 possidendam.

380 1317 458 1381 ltem
483 1319 651 1382 Emericus
667 1332 756 1382 sutor
773 1317 858 1382 filius
876 1317 1021 1401 Georgii,
1038 1317 1164 1401 pridem
1181 1317 1302 1400 juratus
1331 1319 1539 1402 concivisque

274 1435 391 1501 noster,
416 1422 655 1486 commissarius
679 1426 860 1488 testamenti
885 1424 1022 1487 condam
1041 1425 1204 1487 Valentini
1230 1424 1395 1509 Fratrych,
1419 1439 1450 1488 et
1474 1425 1539 1487 Do-

274 1529 383 1592 rothea
407 1531 523 1593 mulier
547 1531 657 1594 relicta
682 1531 819 1594 condam
845 1531 1024 1593 Clementis
1057 1529 1269 1612 agricultoris,
1306 1531 1339 1592 in
1364 1551 1420 1593 sua
1445 1545 1476 1593 et
1498 1531 1539 1593 si-

273 1637 392 1698 militer
416 1636 580 1700 Dorothee
595 1637 660 1700 filie
679 1657 735 1700 sue
752 1637 908 1720 personis,
926 1637 1088 1720 quandam
1109 1636 1243 1700 domum
1260 1657 1371 1700 eorum
1397 1638 1537 1720 ligneam

272 1743 368 1805 simul
381 1763 453 1806 cum
467 1741 569 1806 fundo
583 1759 614 1806 et
639 1744 756 1806 celario
769 1745 978 1806 subterraneo
991 1763 1027 1805 ac
1041 1742 1209 1821 hedificiis,
1225 1743 1388 1826 quandam
1403 1744 1537 1806 domum

272 1848 468 1932 prefatorum
492 1851 656 1912 Valentini
675 1850 827 1934 Fratrych
853 1863 883 1912 et
900 1850 1080 1912 Clementis
1103 1849 1316 1931 agricultoris,
1341 1850 1439 1912 simul
1463 1871 1536 1914 cum

271 1952 374 2018 fundo
399 1969 430 2017 et
453 1955 572 2019 celario
595 1958 804 2019 subterraneo
829 1975 864 2018 ac
899 1954 1056 2018 hedificiis
1080 1956 1186 2018 eidem
1211 1957 1270 2017 sub
1294 1969 1326 2018 et
1349 1957 1536 2040 superadja-

272 2062 428 2142 centibus,
453 2063 485 2123 in
511 2062 595 2124 dicta
620 2061 746 2124 civitate
772 2063 854 2124 inter
878 2062 1011 2124 domum
1037 2074 1068 2123 et
1098 2059 1235 2123 lundum
1261 2061 1359 2124 Blasii
1384 2063 1537 2126 institoris

272 2169 347 2230 dicti
372 2168 581 2253 Kurmanych
606 2182 637 2231 et
660 2169 789 2231 Andree
807 2168 939 2230 cultoris
956 2187 991 2230 ac
1010 2168 1137 2230 Martini
1163 2167 1278 2250 iudicis
1307 2167 1460 2248 habitam,
1476 2169 1535 2230 tria

273 2275 428 2356 quartalia
454 2275 540 2336 curie
565 2275 597 2336 in
622 2294 655 2336 se
680 2275 912 2354 continentem,
948 2293 1019 2336 cum
1055 2273 1120 2334 suis
1143 2274 1349 2358 pertinenciis
1373 2274 1534 2338 Clementi

270 2379 408 2442 carnifici
433 2380 500 2442 filio
526 2381 705 2461 Michaelis,
730 2380 854 2443 concivi
873 2393 993 2458 nostro,
1017 2379 1233 2443 vendiderunt
1248 2393 1405 2464 perpetuo
1434 2382 1534 2463 possi·

272 2486 411 2548 dendam
443 2500 474 2549 et
497 2487 670 2570 superinde
695 2501 742 2549 est
766 2487 857 2549 litera
889 2487 948 2548 sub
980 2486 1133 2568 pendenti
1161 2486 1269 2568 sigillo
1293 2487 1535 2562 communitatis

271 2608 428 2657 emanata.

374 2717 452 2780 Item
478 2717 606 2796 domus,
631 2717 761 2794 fundus,
785 2715 939 2778 celarium
964 2729 995 2778 et
1012 2715 1159 2778 hedificia
1185 2716 1323 2778 condam
1349 2717 1445 2778 Blasii
1463 2717 1531 2799 pel-

268 2824 360 2886 lificis
385 2826 416 2886 in
441 2825 513 2886 vico
537 2838 647 2887 nostro
665 2824 814 2886 exteriori
832 2843 887 2886 seu
905 2824 1009 2906 platea
1028 2822 1280 2885 Theuthonicali
1298 2823 1380 2884 inter
1397 2823 1530 2884 domum

268 2946 424 2992 muratam
450 2946 481 2994 et
506 2929 641 2991 fundum
667 2929 796 2991 Thomu
830 2928 910 2991 labri
934 2943 965 2991 et
990 2929 1168 2992 Clementis
1200 2928 1324 3008 decani,
1350 2927 1530 3010 lreniparis,

268 3055 303 3097 ac
328 3037 410 3098 inter
434 3036 568 3097 domum
587 3037 728 3117 ligneam
753 3049 784 3096 et
798 3033 933 3096 fundum
954 3035 1130 3117 Elyzabeth
1150 3033 1293 3096 mulieris
1317 3035 1408 3096 aliter
1426 3035 1529 3109 Sablta

267 3155 379 3204 vocate
415 3141 534 3220 habita,
558 3143 618 3203 tria
642 3141 799 3223 quartalia
824 3141 911 3202 curie
936 3142 968 3201 in
992 3161 1024 3201 se
1054 3141 1232 3219 continens,
1258 3159 1329 3200 cum
1354 3140 1419 3200 suis
1435 3140 1529 3222 petti-

267 3249 388 3310 nenciis
413 3247 590 3332 Elyzabeth
616 3247 743 3310 mulieri
768 3247 877 3308 relicte
910 3245 1021 3330 prelati
1049 3247 1144 3309 Blasii
1179 3245 1325 3329 pellificis
1357 3265 1413 3328 per
1436 3260 1528 3310 testa-

267 3355 456 3416 mentariam
482 3374 573 3416 suam
597 3355 797 3435 legacionem
824 3366 871 3415 est
901 3367 1016 3416 statuta
1042 3353 1216 3415 literatorie
1249 3367 1405 3435 perpetuo
1429 3355 1528 3436 possi-

267 3461 372 3522 denda
398 3474 429 3523 et
453 3459 763 3542 quomodocumque
788 3459 926 3520 voluerit
960 3459 1162 3542 disponenda
1194 3458 1278 3540 juxta
1303 3458 1528 3522 condicionem

267 3567 404 3628 civitatis
427 3579 594 3649 prenotate
619 3579 649 3626 et
672 3565 845 3648 superinde
870 3579 916 3628 est
940 3565 1030 3628 litera
1055 3566 1114 3626 sub
1139 3565 1291 3647 pendenti
1315 3565 1423 3646 sigillo
1441 3585 1528 3627 com-

268 3673 432 3736 munitatis
457 3685 615 3734 emanata.

372 3797 449 3858 ltem
474 3796 587 3858 eadem
612 3795 790 3876 Elyzabeth
809 3795 925 3856 mulier
949 3795 1154 3857 medietatem
1173 3795 1313 3876 predicte
1338 3795 1455 3857 domus
1471 3816 1526 3858 sue

266 3917 296 3966 et
320 3902 410 3965 lundi
436 3923 471 3964 ac
495 3903 603 3964 celarii
628 3902 827 3964 subterranei
859 3922 894 3963 ac
927 3901 1162 3980 hedificiorum,
1188 3922 1285 3963 utram
1318 3916 1464 3984 quartam
1497 3916 1527 3963 et

266 4023 410 4070 octavam
435 4009 522 4070 curie
547 4007 580 4069 in
612 4029 643 4069 se
676 4008 907 4087 continentem,
940 4028 1012 4070 cum
1048 4009 1113 4069 suis
1146 4007 1351 4090 pertinenciis
1383 4007 1526 4090 predicto

266 4116 414 4177 Michaeli
439 4114 570 4198 pellifici
594 4115 752 4176 moderno
777 4115 846 4176 viro
871 4135 929 4176 suo
955 4115 1088 4176 donavit
1117 4127 1273 4196 perpetuo
1298 4113 1523 4196 possidendam

265 4236 295 4284 et
318 4221 492 4306 superinde
517 4234 563 4283 est
586 4221 676 4282 litera
702 4223 761 4282 sub
785 4221 939 4303 pendenti
971 4221 1080 4302 sigillo
1105 4221 1344 4282 communitatis
1368 4235 1524 4282 emanata.

369 4345 446 4408 ltem
473 4345 571 4407 Lucia
597 4345 705 4407 relicta
731 4359 761 4406 et
791 4343 967 4426 Gregorius
992 4343 1077 4406 filius
1101 4344 1238 4406 condam
1263 4345 1383 4406 Vrbani
1408 4344 1525 4406 sutoris

264 4451 320 4515 filii
344 4451 452 4534 Egidii
478 4453 510 4514 in
536 4451 709 4514 Scolastice
734 4450 799 4513 filie
832 4451 976 4512 eiusdem
1002 4452 1123 4512 Vrbani
1156 4451 1273 4513 sutoris
1298 4453 1453 4533 personis,
1477 4452 1524 4512 di-

264 4573 378 4621 rectam
405 4573 436 4621 et
460 4559 609 4640 equalem
635 4559 840 4620 medietatem
870 4558 1036 4620 cuiusdam
1070 4559 1197 4636 domus,
1222 4557 1325 4638 fundi,
1349 4558 1523 4639 celariique

264 4666 459 4727 subterranei
486 4679 516 4727 et
533 4664 756 4726 hedificiorum
783 4665 813 4726 itt
832 4665 904 4725 vico
929 4664 1028 4747 ipsius
1045 4665 1182 4726 civitatis
1206 4665 1353 4726 exteriori
1378 4678 1521 4726 sutorum

265 4772 344 4834 inter
367 4771 483 4834 domos
507 4785 539 4834 et
563 4771 681 4834 fundos
706 4771 844 4834 Emerici
869 4773 986 4833 sutoris
1019 4785 1049 4834 et
1073 4773 1198 4834 Nicolai
1225 4772 1359 4834 Chehlro
1384 4787 1415 4835 et
1440 4773 1521 4834 Mar-

263 4879 319 4940 tini
344 4879 460 4942 sutoris
491 4900 527 4942 ac
552 4879 649 4941 Blasii
682 4880 829 4942 similiter
860 4879 976 4941 sutoris
1013 4879 1130 4958 habite,
1162 4881 1348 4962 porcionem
1373 4881 1523 4942 videlicet

264 4985 360 5068 ipsios
383 4987 502 5048 Vrbani
520 4988 647 5066 sutoris,
665 5007 760 5047 unam
780 5001 926 5067 quartam
944 4987 1029 5048 curie
1049 4987 1079 5047 in
1097 5005 1130 5047 se
1147 4988 1376 5066 continentem,
1394 4987 1521 5048 Andree
