3832 5804
787 581 872 638 Anno
895 582 986 655 1456.

1333 646 1342 664 .
1462 578 1518 660 ¹⁶9

254 687 424 694 -—-—----
441 688 447 694 .
462 688 470 693 -
1177 687 1272 694 ,-..-,-.

255 791 412 875 pellificis,
438 812 454 852 a
479 792 708 874 septemtrione
724 791 881 869 habitum,
904 792 1043 854 mediam
1062 793 1183 854 curiam
1201 792 1240 854 ad
1265 809 1358 853 usum
1384 790 1520 852 civitatis

254 897 376 982 prelata
401 899 434 960 in
458 917 491 959 se
517 899 748 977 continentem,
774 917 846 960 cum
872 900 939 960 suis
955 899 1149 962 utilitatibus
1173 913 1203 960 et
1227 899 1433 980 pertinenciis
1449 898 1519 960 uni·

212 1009 219 1021 '
256 1006 353 1068 versis
377 1025 414 1066 ex
439 1025 598 1067 consensu
623 1006 802 1067 vicinorum
821 1005 1038 1087 predictorum
1063 1005 1188 1089 prefato
1213 1007 1364 1088 magistro
1382 1006 1519 1068 Nicolao

256 1113 383 1176 medico
407 1132 443 1174 ac
468 1132 524 1194 per
548 1131 622 1173 eum
647 1113 714 1174 suis
747 1111 919 1174 heredibus
952 1132 1011 1195 pro
1035 1113 1145 1175 decem
1178 1112 1247 1176 flor.
1273 1113 1342 1174 auri
1375 1112 1522 1174 vendidit

255 1232 410 1302 perpetuo
435 1217 666 1301 possidendum
691 1233 722 1280 et
746 1219 918 1300 superinde
949 1233 996 1281 est
1028 1219 1088 1280 sibi
1113 1219 1205 1281 litera
1229 1219 1438 1302 privilegialis
1461 1221 1520 1280 sub

257 1325 410 1408 pendenti
434 1325 543 1407 sigillo
568 1325 809 1386 communitatis
833 1340 990 1388 emanata.

362 1431 439 1493 ltem
477 1431 617 1513 prelatus
649 1431 802 1493 Nicolaus
833 1429 929 1512 judex
961 1431 1046 1493 lilius
1079 1432 1230 1494 Demetrii
1263 1445 1294 1494 et
1326 1431 1520 1510 Anthonius,

259 1537 451 1620 Stephanus,
477 1538 642 1616 Nicolaus,
675 1535 823 1615 Michael,
856 1537 1086 1616 Christoforus,
1119 1539 1325 1616 Laurencius,
1354 1537 1521 1599 ladislaus

256 1657 288 1706 et
312 1643 495 1706 Anthonius
519 1643 633 1724 jurati,
666 1664 702 1706 ac
734 1644 875 1706 universi
900 1643 984 1706 cives
1008 1665 1043 1706 ac
1067 1659 1133 1708 tota
1165 1645 1379 1708 communitas
1402 1645 1521 1706 civium

257 1751 393 1813 civitatis
418 1751 699 1831 Montisgrecensis
722 1750 903 1832 supradicte
938 1751 1094 1832 quasdam
1120 1750 1200 1814 duas
1224 1751 1333 1813 vineas
1355 1751 1518 1812 condicio·

258 1857 346 1918 nales
370 1875 559 1918 communes
584 1857 615 1918 in
640 1857 801 1918 territorio
826 1857 964 1920 civitatis
981 1857 1124 1940 predicte
1150 1857 1233 1919 inter
1256 1857 1383 1918 vineam
1409 1858 1521 1918 condi·

259 1963 416 2024 cionalem
440 1963 540 2024 Vlrici
565 1963 767 2046 carpentarii,
801 1985 817 2024 a
850 1964 1041 2042 meridiem,
1066 1979 1097 2026 et
1121 1965 1203 2025 inter
1234 1963 1361 2026 vineant
1386 1963 1519 2024 liberam

259 2070 432 2131 liberorum
458 2069 594 2131 condam
622 2070 750 2132 Andree
775 2071 891 2131 sutoris
915 2071 991 2131 dicti
1022 2069 1225 2154 Kerpanych,
1250 2091 1267 2131 a
1292 2070 1520 2151 septemtrione

260 2175 394 2256 habitas,
426 2196 494 2238 sese
527 2177 678 2258 contigue
711 2191 741 2237 et
774 2176 947 2238 inmediate
979 2177 1220 2258 contingentes,
1252 2177 1388 2257 desuper
1420 2196 1436 2236 a
1469 2175 1519 2236 via

258 2302 374 2363 magna
399 2297 429 2345 et
454 2283 618 2345 communi
643 2285 683 2344 ab
707 2283 831 2344 oriente
857 2283 975 2362 habita,
1000 2284 1032 2345 in
1050 2283 1158 2365 spacio
1180 2302 1236 2344 seu
1254 2281 1423 2344 latitudine
1448 2283 1518 2343 bra-

258 2388 402 2450 chiorum
437 2387 613 2451 ferreorum
649 2409 707 2472 pro
740 2389 911 2472 pergendis
944 2405 975 2452 et
1002 2389 1260 2472 pretereuntibus
1284 2389 1430 2450 curribus
1453 2402 1518 2450 tam

257 2495 361 2577 plenis
384 2515 481 2576 quam
507 2496 615 2556 vacuis
639 2510 669 2557 et
693 2496 880 2557 hominibus
906 2516 962 2578 per
986 2496 1122 2558 eandem
1140 2495 1224 2556 viam
1249 2513 1308 2577 pro
1333 2494 1520 2556 necessariis

260 2620 371 2662 eorum
397 2601 455 2663 iter
486 2621 580 2663 suum
612 2602 715 2664 libero
740 2601 839 2664 modo
873 2617 903 2664 et
927 2603 1014 2684 large
1047 2601 1239 2664 habentibus
1263 2621 1299 2664 ac
1323 2601 1440 2664 habere
1465 2600 1519 2663 de-

261 2709 423 2786 bentibus,
449 2723 479 2770 et
505 2708 710 2792 intransque
742 2723 883 2772 meatum
905 2729 988 2791 aque
1020 2710 1169 2792 pluvialis
1197 2711 1237 2771 ab
1269 2709 1434 2770 occidente
1466 2707 1520 2769 ha·

262 2815 376 2894 bitum,
400 2835 432 2875 se
456 2815 674 2895 extendentes,
700 2815 822 2898 prefato
856 2818 1007 2898 magistro
1037 2815 1172 2878 Nicolao
1205 2816 1331 2879 medico
1363 2814 1522 2876 dederunt

259 2935 413 3004 perpetuo
439 2935 470 2984 et
494 2921 696 2983 donaverunt
720 2937 877 3004 perpetuo
895 2943 934 2984 eo
957 2922 1056 2985 modo
1074 2921 1295 3005 possidendas,
1319 2935 1352 2983 ut
1371 2921 1436 3002 ipse
1454 2939 1520 2982 ma·

258 3029 355 3108 gister
379 3028 532 3090 Nicolaus
557 3029 702 3090 medicus
726 3028 806 3090 infra
831 3031 975 3112 spacium
1005 3045 1144 3112 quatuor
1168 3049 1325 3091 annorum
1351 3049 1369 3090 a
1394 3028 1466 3090 data
1484 3027 1521 3089 li-

258 3148 322 3194 tere
340 3135 551 3216 privilegialis
567 3135 740 3216 superinde
758 3133 901 3198 conlecte
920 3137 1044 3197 nullum
1071 3155 1203 3198 censum
1221 3136 1260 3196 de
1278 3134 1399 3196 eisdem
1418 3134 1521 3197 vineis

259 3241 392 3304 desertis
416 3241 543 3302 nullum
568 3260 698 3302 censum
724 3243 948 3304 communitati
978 3242 1101 3305 solvere
1134 3243 1261 3320 debeat,
1293 3241 1347 3303 sed
1373 3255 1443 3322 post
1468 3261 1520 3302 ex·

260 3347 457 3430 piracionem
484 3348 626 3430 ipsorum
652 3364 790 3429 quatuor
821 3369 980 3411 annorum
1006 3351 1091 3411 idem
1109 3349 1261 3430 magister
1285 3348 1438 3409 Nicolaus
1455 3365 1521 3408 me-

261 3453 350 3516 dicus
374 3454 413 3516 de
446 3455 566 3516 eisdem
600 3455 701 3516 vineis
733 3455 865 3517 desertis
896 3469 1041 3538 ternpore
1075 3455 1262 3516 vindemiali
1295 3455 1520 3517 communitati

260 3559 404 3621 medium
429 3559 498 3623 flor.
524 3579 650 3642 semper
674 3561 750 3622 dare
773 3561 934 3624 tenebitur
966 3577 996 3623 et
1021 3561 1153 3623 heredes
1177 3581 1213 3623 ac
1246 3561 1293 3622 sui
1320 3561 1426 3622 cuncti
1451 3580 1521 3622 suc·

259 3685 400 3728 cessores
424 3679 455 3727 et
477 3666 650 3748 superinde
688 3668 828 3750 predicta
854 3669 943 3730 litera
969 3688 1027 3750 pro
1060 3681 1148 3749 parte
1174 3667 1274 3750 ipsius
1299 3666 1441 3748 magistri
1466 3667 1521 3728 Ni·

258 3771 339 3834 colai
365 3772 482 3834 medici
507 3775 566 3834 sub
591 3774 743 3854 pendenti
768 3775 876 3855 sigillo
901 3775 1141 3836 communitatis
1166 3787 1325 3836 emanata.

364 3879 441 3940 ltem
468 3879 567 3940 Elena
593 3880 702 3941 relicta
726 3893 757 3942 et
783 3881 920 3942 Michael
944 3880 1029 3942 filius
1057 3880 1196 3942 condam
1223 3879 1376 3941 Demetrii
1402 3877 1521 3940 fistula·

256 3986 346 4064 toris,
372 3986 535 4067 quandam
560 3987 687 4046 vineam
714 3987 812 4068 ipsius
829 3987 967 4048 condam
986 3987 1139 4048 Demetrii
1165 3985 1350 4048 fistulatoris
1374 3985 1406 4046 in
1432 3986 1521 4046 terri·

257 4093 341 4154 torio
367 4105 477 4154 nostro
494 4112 550 4154 seu
575 4091 711 4154 civitatis
728 4093 869 4174 predicte
895 4095 977 4156 inter
994 4093 1103 4154 vineas
1120 4093 1259 4155 desertas
1277 4093 1338 4174 jam
1359 4093 1389 4152 in
1408 4093 1520 4153 silvam

258 4199 401 4260 redactas
432 4197 608 4260 liberorum
640 4219 696 4260 seu
728 4219 946 4261 successorum
980 4201 1117 4261 condam
1152 4199 1300 4280 Gregorii
1336 4197 1521 4260 woschara

259 4317 346 4387 parte
372 4305 637 4385 septemtrionali,
662 4319 693 4366 et
717 4305 863 4366 similiter
887 4306 1062 4367 liberorum
1080 4324 1362 4367 seusuccessorum
1383 4303 1520 4366 condam

260 4410 414 4492 Stephani
439 4411 641 4492 carpentarii,
667 4431 684 4472 a
710 4411 888 4473 meridione
910 4412 1064 4491 habitam,
1089 4431 1160 4472 cum
1186 4412 1251 4472 suis
1276 4411 1468 4472 utilitatibus
1492 4423 1522 4472 et

258 4515 466 4596 pertinenciis
490 4516 646 4577 universis
671 4516 773 4577 Paulo
798 4517 938 4598 agricole
957 4517 1043 4578 dicto
1068 4516 1237 4600 Gomazyn
1255 4515 1324 4578 filio
1349 4517 1388 4577 N.
1413 4529 1443 4576 et
1459 4515 1520 4576 Va·

258 4619 383 4682 lentino
407 4619 475 4682 filio
500 4621 645 4684 eiusdem
670 4621 762 4684 Pauli
787 4623 927 4704 agricole
960 4643 995 4684 ac
1021 4643 1077 4705 per
1101 4642 1156 4684 eos
1180 4624 1323 4705 ipsorum
1350 4621 1523 4684 heredibus

258 4744 316 4808 pro
341 4726 487 4808 quinque
512 4725 580 4790 flor.
607 4730 674 4789 auri
700 4743 730 4790 et
754 4749 813 4812 pro
836 4729 938 4791 tribus
961 4730 1067 4812 pensis
1084 4730 1289 4792 denariorum
1308 4727 1522 4790 vendiderunt

259 4845 414 4914 perpetuo
439 4833 670 4915 possidendam
695 4849 726 4896 et
750 4835 922 4918 superinde
948 4837 1024 4918 ipsis
1041 4849 1088 4898 est
1112 4837 1202 4898 litera
1227 4837 1286 4897 sub
1311 4833 1464 4917 pendenti
1482 4834 1522 4894 si·

257 4936 338 5018 gillo
362 4941 601 5001 communitatis
626 4957 782 5005 emanata.

364 5043 443 5106 ltem
474 5045 607 5108 domina
641 5047 839 5130 Margaretha
879 5047 988 5113 relicta
1021 5048 1159 5112 condam
1198 5046 1306 5136 Egidii
1338 5046 1521 5130 purgatoris
