3816 5802
772 503 858 560 Anno
881 511 973 578 1447.
1452 521 1492 582 79

227 611 590 618 .—-—--————---
606 611 634 616 .-
720 609 895 614 ...—..—.
919 609 983 613 .--—
1047 609 1106 614 ---.-
1188 609 1195 612 -
1229 609 1320 614 ,-....,.
1393 607 1490 614 ------.

332 715 410 776 Item
436 713 553 776 domus
577 727 700 776 murata
726 727 756 774 et
781 711 900 774 fundus
927 733 962 774 ac
994 713 1147 774 celarium
1172 715 1416 775 subterraneum
1450 714 1491 774 si·

224 824 344 886 militer
368 835 530 883 muratum
555 833 585 881 et
610 818 757 881 hedificia
782 819 920 880 condam
947 819 1074 881 Andree
1104 818 1197 880 Judei
1222 819 1262 880 de
1289 819 1493 904 Modrussya‚

225 950 323 992 unam
348 933 506 1010 integram
531 927 652 988 curiam
677 925 717 987 ad
743 944 835 986 usum
869 925 1005 986 civitatis
1030 924 1171 1006 predicte
1196 925 1227 986 in
1254 945 1286 986 se
1311 925 1492 1003 continens,

225 1039 258 1099 in
282 1037 447 1098 vicinitate
472 1034 590 1096 domus
613 1032 777 1094 Valentini
801 1031 918 1114 judicis
935 1031 1053 1111 habita,
1084 1051 1182 1114 quam
1207 1033 1391 1095 Anthonius
1415 1033 1494 1094 civis

225 1143 265 1206 de
289 1143 431 1226 predicta
458 1140 648 1222 Modrussya
673 1137 758 1202 filius
781 1139 882 1222 ipsius
906 1139 1044 1200 condam
1073 1139 1202 1201 Andree
1227 1139 1321 1201 Judei
1344 1139 1490 1223 predicto

226 1249 334 1312 Blasio
358 1247 462 1331 jurato
477 1247 607 1309 Thome
624 1244 865 1328 Vogrinowych
887 1263 945 1327 pro
962 1244 1138 1325 nonaginta
1155 1243 1226 1308 flor.
1243 1245 1311 1306 auri
1336 1243 1493 1322 vendidit,

225 1356 331 1418 eidem
358 1355 465 1417 Blasio
488 1352 593 1435 jurato
617 1355 676 1414 sub
708 1350 862 1434 pendenti
895 1351 1003 1432 sigillo
1036 1351 1277 1413 communitatis
1309 1349 1492 1432 privilegia·

226 1463 298 1523 liter
322 1459 392 1543 (est)
417 1458 603 1522 confirmata
627 1471 783 1541 perpetuo
811 1456 1005 1540 possidenda
1038 1470 1069 1520 et
1101 1457 1410 1538 quomodocumque
1434 1474 1489 1516 vo-

226 1568 321 1629 luerit
338 1565 539 1649 disponenda
556 1564 643 1647 juxta
667 1563 893 1626 condicionem
918 1563 1054 1624 civitatis
1071 1576 1238 1646 prenotate
1262 1561 1491 1644 supradictam.

225 1771 307 1842 ltem
337 1769 422 1840 feria
451 1769 597 1840 secunda
625 1765 780 1857 proxima
804 1774 881 1856 post
908 1765 1031 1836 festum
1051 1761 1322 1836 circuncisionis
1351 1761 1491 1837 Domini.

614 1927 659 1995 (2.
675 1921 827 1998 januarii,
852 1938 922 1979 ann.
947 1921 1055 1997 1447).

332 2045 409 2106 ltem
435 2044 511 2126 quia
535 2043 668 2106 illustris
699 2043 848 2125 princeps
880 2054 911 2104 et
935 2040 1097 2120 dominus,
1130 2038 1283 2102 dominus
1307 2039 1490 2102 Fridericus

230 2152 282 2212 dei
306 2151 412 2233 gracia
448 2169 556 2212 comes
581 2149 676 2228 Cilie,
703 2148 907 2228 Ortenburge
932 2161 963 2208 et
988 2146 1122 2228 Zagorie
1145 2159 1203 2209 etc.
1230 2165 1287 2207 nec
1312 2165 1377 2208 non
1402 2147 1492 2228 regni

228 2257 401 2320 Sclauonie
435 2259 550 2336 banus,
582 2256 734 2318 dominus
766 2269 874 2316 noster
907 2253 1091 2331 modernus,
1123 2252 1297 2334 graciosus‚
1330 2252 1493 2334 quandam

225 2364 361 2427 domum
386 2364 482 2426 simul
507 2383 579 2425 cum
605 2363 707 2424 fundo
731 2376 762 2424 et
786 2361 905 2424 celario
934 2361 1142 2422 subterraneo
1166 2379 1202 2421 ac
1228 2357 1384 2420 hedificiis
1401 2359 1493 2420 Pauli

225 2486 256 2532 et
280 2470 429 2553 Dyonisii
453 2469 689 2532 aurifabrorum
715 2469 746 2530 in
772 2469 900 2530 civitate
920 2467 1062 2550 predicte
1080 2466 1162 2528 inter
1186 2464 1301 2527 domos
1325 2466 1424 2527 Marci
1445 2465 1492 2548 ju-

226 2579 284 2640 rati
310 2591 341 2640 et
365 2578 448 2640 Petri
473 2577 590 2641 sutoris
621 2577 774 2656 habitam,
808 2596 904 2638 unam
937 2595 1010 2638 cum
1043 2575 1149 2637 media
1182 2575 1302 2636 curiam
1327 2574 1367 2636 ad
1399 2594 1492 2637 usum

228 2685 312 2747 dicte
336 2685 472 2748 civitatis
496 2685 529 2746 in
553 2705 586 2747 se
610 2685 841 2764 continentem,
865 2683 905 2746 de
937 2703 1000 2765 qua
1032 2683 1092 2765 ipsi
1117 2683 1237 2744 Paulus
1261 2695 1292 2744 et
1316 2682 1492 2766 Dyonisius

228 2791 380 2854 aurifabri
404 2789 515 2873 fugam
539 2791 707 2870 dederunt,
732 2791 912 2853 Laurencio
938 2791 1166 2874 Sybenburgar
1182 2787 1343 2852 aurifabro
1367 2802 1398 2852 et
1422 2809 1491 2851 mo·

229 2899 352 2960 uetario
377 2896 531 2980 fidelique
556 2897 706 2960 familiari
731 2897 831 2979 ipsius
855 2897 980 2958 domini
1013 2896 1168 2958 Friderici
1193 2909 1224 2958 et
1248 2895 1372 2958 domini
1392 2895 1490 2958 Vlrici

229 3005 293 3067 nati
318 3005 387 3066 eius
411 3005 566 3066 comitum
591 3003 675 3067 Cilie
693 3017 765 3082 etc.,
794 3002 862 3066 filio
880 3003 1036 3066 Johannis
1060 3003 1166 3085 Crispi
1185 3003 1224 3064 de
1243 3003 1358 3065 Pulcro
1375 3022 1491 3085 campo

229 3110 390 3172 districtus
414 3111 452 3170 de
471 3109 600 3193 Septem
626 3111 744 3190 castris,
768 3130 827 3194 pro
848 3111 989 3172 serviciis
1014 3110 1079 3170 suis
1107 3108 1258 3171 fidelibus
1282 3109 1324 3171 ita
1350 3109 1438 3172 dedit
1462 3124 1492 3172 et

229 3216 366 3278 contulit
389 3217 489 3278 libere
513 3216 676 3299 possidere
701 3231 732 3279 et
755 3229 863 3278 tenere
888 3229 919 3279 et
943 3216 983 3278 de
1003 3235 1040 3278 ea
1065 3216 1236 3298 disponere
1253 3217 1334 3278 sicut
1358 3215 1397 3278 de
1422 3215 1492 3277 aliis

229 3323 294 3384 suis
317 3322 456 3406 propriis
487 3323 595 3384 liberis
627 3323 739 3399 rebus;
772 3322 847 3384 ideo
880 3342 939 3384 nos
970 3322 1107 3384 eandem
1140 3322 1273 3384 domum
1298 3323 1395 3383 simul
1418 3341 1492 3383 cum

229 3428 331 3490 fundo
356 3443 386 3490 et
409 3429 528 3490 celario
552 3430 760 3490 subterraneo
782 3449 817 3491 ac
835 3427 991 3490 hedificiis
1014 3448 1073 3490 nec
1102 3448 1168 3489 non
1194 3427 1264 3490 aliis
1288 3427 1411 3490 cunctis
1427 3429 1493 3490 suis

230 3536 422 3597 utilitatibus
446 3549 477 3597 et
500 3535 706 3619 pertinenciis
741 3537 899 3598 universis
921 3536 1026 3596 eidem
1048 3534 1226 3597 Laurencio
1252 3535 1491 3618 Sybenburgar‚

230 3655 264 3704 ut
287 3641 352 3723 jam
376 3661 463 3703 novo
487 3643 612 3704 concivi
637 3657 758 3720 nostro,
782 3663 818 3704 ac
841 3663 898 3726 per
922 3662 997 3704 eum
1029 3642 1095 3704 suis
1127 3641 1299 3704 heredibus
1323 3661 1379 3724 per
1402 3662 1491 3704 man-

230 3747 341 3810 datum
366 3761 397 3810 et
420 3747 634 3810 collacionem
660 3749 760 3830 ipsius
777 3749 901 3810 domini
916 3749 1070 3810 Friderici
1088 3749 1226 3828 comitis,
1250 3747 1375 3809 domini
1393 3749 1492 3809 nostri

229 3857 378 3938 graciosi,
402 3857 504 3918 literis
528 3858 643 3919 nostris
660 3857 916 3940 privilegialibus
932 3859 990 3919 sub
1011 3857 1164 3939 pendenti
1181 3857 1288 3939 sigillo
1313 3857 1492 3919 communi·

230 3963 303 4024 tatis
327 3960 480 4026 confectis
504 3976 534 4024 et
558 3964 714 4026 emanatis
730 3965 900 4026 statuimus
918 3979 948 4026 et
965 3963 1225 4025 confirmavimus
1249 3977 1280 4025 et
1303 3977 1440 4024 statuere
1456 3983 1492 4024 ac

231 4067 419 4130 confirmare
444 4068 614 4131 debuimus
631 4085 786 4152 perpetuo
812 4070 1037 4165 possidendam
1057 4083 1088 4132 et
1111 4070 1419 4152 quomodocumque
1437 4089 1492 4131 vo·

231 4175 327 4236 luerit
351 4175 586 4258 disponendam
611 4175 697 4258 juxta
714 4177 939 4239 condicionem
957 4177 1094 4239 civitatis
1110 4189 1276 4260 prenotate
1295 4178 1334 4238 ab
1359 4177 1492 4258 antiquo

231 4283 453 4365 approbatam.

283 4483 367 4554 ltem
395 4483 482 4554 feria
519 4481 626 4572 prima
656 4505 714 4556 seu
744 4487 796 4556 die
824 4485 989 4558 dominico
1028 4484 1182 4575 proximo
1212 4491 1289 4556 aute
1319 4485 1439 4556 festum

548 4607 799 4682 Purificacionis
836 4608 977 4698 virginis
1006 4610 1161 4698 gloriose.

737 4756 801 4822 (29.
817 4747 982 4822 januarii).

338 4867 414 4929 ltem
441 4873 548 4949 Agnes
574 4869 682 4930 relicta
700 4867 837 4930 condam
863 4867 1000 4930 Emerici
1018 4867 1147 4930 sartoris
1175 4867 1249 4928 dicti
1276 4865 1491 4949 Barberichyn

230 4993 317 5035 nunc
330 4994 461 5036 consors
475 4976 631 5058 legittima
646 4975 772 5036 Martini
787 4975 903 5037 sutoris
914 4972 969 5036 filii
984 4974 1113 5036 Thorne
1127 4973 1167 5036 de
1182 4971 1312 5054 Kuthel,
1329 4973 1490 5055 quandam
