3816 5802
374 566 433 608 roo
923 543 1127 627 Ann01448.

372 759 470 822 altera
495 779 572 821 vero
595 772 685 842 parte
710 757 875 820 Benedicti
892 760 1023 821 sartoris
1046 759 1140 821 aliter
1157 760 1258 821 Bensa
1283 759 1385 821 vocati
1409 756 1468 821 filii
1493 760 1631 821 condam

376 866 485 928 Jacobi
512 865 587 926 dicti
614 865 729 926 Pulecz
753 864 906 944 habitam,
928 885 1025 927 unam
1050 879 1196 946 quartam
1215 879 1245 927 et
1269 879 1415 928 octavam
1439 866 1527 928 curie
1552 866 1635 927 inse

374 974 605 1051 continentem,
638 973 732 1033 Petro
764 971 866 1053 jurato
898 987 1008 1034 nostro
1041 974 1199 1034 moderno
1230 970 1297 1034 filio
1330 973 1459 1035 Martini
1484 973 1553 1034 viro
1576 993 1635 1035 suo

369 1078 530 1158 legittimo
555 1077 688 1139 donavit
711 1092 866 1159 perpetuo
889 1078 1118 1160 possidendam
1143 1091 1175 1140 et
1197 1078 1370 1160 superinde
1394 1093 1441 1142 est
1465 1081 1556 1142 litera
1574 1081 1634 1141 sub

372 1185 525 1266 pendenti
550 1184 657 1266 sigillo
681 1185 922 1246 communitatis
946 1198 1103 1248 emanata.

475 1290 554 1353 item
579 1290 774 1354 Benedictus
806 1289 928 1372 juratus
959 1305 990 1354 et
1023 1293 1149 1354 Marcus
1181 1292 1276 1354 frater
1307 1311 1384 1354 suus
1415 1291 1636 1354 filii.condam

369 1398 536 1460 Michaelis
561 1398 741 1460 Sebastiani
766 1399 928 1480 quendam
954 1398 1091 1462 fundum
1116 1420 1228 1463 eorum
1259 1420 1396 1463 vacuum
1421 1413 1452 1462 et
1476 1399 1634 1462 hedificiis

370 1504 558 1566 destitutum
583 1505 615 1565 in
641 1504 724 1566 dicta
750 1505 888 1583 civitate,
913 1519 997 1567 retro
1022 1507 1177 1587 quasdam
1195 1506 1274 1569 duas
1298 1506 1413 1568 domos
1436 1525 1547 1568 corum
1565 1525 1634 1568 mu·

370 1625 462 1690 ratas,
486 1631 582 1673 unam
609 1632 626 1673 a
642 1612 871 1694 septemtrione
889 1625 920 1674 et
941 1612 1037 1674 aliam
1055 1614 1095 1674 ab
1113 1613 1280 1676 occidente
1297 1611 1382 1692 sitas,
1407 1613 1491 1675 inter
1507 1632 1634 1674 murum

369 1718 504 1780 civitatis
528 1718 681 1801 predicte,
704 1719 745 1779 ab
769 1719 904 1796 oriente,
929 1733 960 1781 et
984 1719 1066 1782 inter
1091 1717 1228 1781 fundum
1258 1719 1354 1782 turris
1378 1719 1553 1782 liberorum
1578 1739 1636 1781 seu

368 1843 586 1886 successorum
612 1823 750 1886 condam
775 1824 974 1902 Allerandri,
1000 1845 1018 1887 a
1048 1825 1228 1887 meridione
1254 1824 1465 1906 adjacentem,
1490 1824 1635 1886 habitum

369 1943 400 1992 et
424 1931 623 2010 existentem,
648 1931 680 1992 in
705 1930 909 2012 longitudine
933 1930 1045 1993 decem
1070 1945 1101 1993 et
1116 1945 1239 2014 septem
1264 1931 1393 1994 brachia
1417 1929 1520 1992 ferrea
1544 1945 1575 1992 et
1600 1931 1632 1991 in

369 2036 539 2100 latitudine
564 2037 736 2099 duodecim
762 2037 891 2100 brachia
920 2036 1021 2100 ferrea
1047 2039 1078 2098 in
1113 2057 1260 2099 mensura
1286 2038 1318 2100 in
1344 2057 1377 2099 se
1401 2037 1633 2114 continentem,

369 2163 466 2204 unam
491 2143 641 2204 videlicet
663 2144 891 2204 tantummodo
920 2157 1064 2225 quartam
1098 2145 1185 2206 curie
1211 2145 1250 2205 ad
1283 2163 1376 2205 usum
1402 2143 1538 2206 civitatis
1562 2162 1632 2224 pre·

369 2249 432 2312 fate
449 2249 480 2310 in
505 2269 538 2310 se
555 2249 787 2328 continentem,
806 2267 878 2310 curn
895 2249 961 2310 suis
978 2249 1170 2312 utilitatibus
1198 2263 1229 2312 et
1245 2249 1451 2332 pertinenciis
1476 2247 1632 2311 universis

368 2357 453 2439 juxta
478 2369 627 2418 contenta
652 2356 815 2418 literarum
834 2356 1085 2439 privilegialium
1102 2355 1275 2439 superinde
1292 2347 1512 2418 confectarum
1529 2354 1630 2416 Paulo

370 2461 531 2526 aurifabro
556 2462 623 2524 lilio
649 2462 802 2545 Stephani
828 2463 868 2524 de
893 2462 968 2523 villa
991 2463 1102 2524 Jenow
1127 2475 1239 2524 vocata
1264 2463 1296 2524 in
1325 2461 1531 2544 pertinenciis
1547 2460 1634 2540 Nag-

367 2590 447 2652 guer
472 2570 607 2630 civitatis
630 2570 674 2630 sic
699 2583 810 2630 vocate
840 2569 957 2647 habita,
976 2583 1010 2630 ut
1033 2568 1097 2650 jam
1115 2589 1200 2631 novo
1217 2570 1342 2630 concivi
1360 2583 1482 2646 nostro,
1505 2567 1630 2630 sororio

367 2696 403 2737 ac
428 2675 540 2736 Vrsule
558 2677 659 2736 sorori
689 2695 800 2736 eornm
826 2675 965 2737 consorti
987 2675 1132 2736 eiusdem
1157 2675 1247 2736 Pauli
1264 2674 1416 2736 aurifabri
1441 2693 1477 2736 ac
1501 2693 1539 2734 ex
1556 2673 1635 2755 ipsis

368 2783 585 2865 superviventi
611 2782 813 2844 donaverunt
836 2796 993 2865 perpetuo
1022 2782 1253 2865 possidendum
1277 2797 1308 2844 et
1329 2781 1501 2864 superinde
1526 2794 1572 2842 est
1597 2781 1634 2841 li-

368 2902 434 2950 tera
451 2891 510 2950 sub
535 2888 688 2970 pendenti
711 2888 818 2968 sigillo
843 2889 1083 2951 communitatis
1107 2903 1263 2952 emanata.

475 2995 551 3057 ltem
577 2995 739 3057 Fabianus
762 2995 883 3078 juratus
907 2994 993 3057 filius
1017 2994 1172 3057 Johannis
1201 2993 1369 3056 fideiussor
1394 2993 1526 3074 Georgii
1552 2993 1634 3074 agri·

369 3102 438 3162 cole
463 3115 494 3163 et
519 3101 619 3163 Elene
643 3121 699 3162 sue
728 3101 896 3180 consortis,
928 3101 1091 3183 quandam
1124 3102 1251 3162 vineam
1285 3100 1474 3162 eorumdem
1501 3097 1634 3180 Georgii

369 3208 507 3290 agricole
533 3221 563 3269 et
589 3207 689 3268 Elene
713 3227 770 3268 sue
794 3208 952 3269 consortis
976 3208 1007 3268 in
1033 3208 1194 3270 territorio
1226 3207 1361 3268 civitatis
1385 3205 1526 3289 predicte
1551 3207 1635 3268 inter

368 3315 496 3375 vineam
521 3313 649 3375 Thome
674 3314 803 3376 sartoris
835 3313 928 3395 jurati
963 3314 1060 3376 nostri
1087 3313 1233 3374 moderni
1267 3311 1324 3374 filii
1349 3312 1474 3375 Nicolai
1499 3326 1530 3373 et
1553 3311 1633 3373 libe·

369 3439 477 3481 rorum
502 3439 558 3480 seu
583 3411 812 3481 successorum¹
833 3419 970 3480 condam
1004 3419 1142 3481 Emerici
1174 3419 1314 3500 agricole
1347 3419 1487 3480 habitam
1513 3432 1544 3480 et
1568 3418 1633 3478 exi-

369 3539 517 3604 stentem,
542 3525 679 3607 desuper
702 3546 719 3586 a
744 3524 863 3587 lossato
888 3539 919 3587 et
943 3526 1110 3588 cacumine
1144 3526 1262 3586 montis
1286 3538 1317 3588 et
1341 3523 1421 3586 inlra
1447 3543 1549 3606 usque
1574 3523 1633 3585 fln-

369 3633 456 3693 vinm
482 3632 575 3693 llicza
600 3647 748 3694 vocatum
773 3653 805 3692 se
831 3633 1067 3710 extendentem,
1101 3633 1160 3714 ipsi
1185 3631 1336 3692 videlicet
1360 3631 1504 3692 Fabiano
1529 3631 1633 3712 jurato

368 3759 427 3822 pro
452 3739 567 3799 debitis
591 3738 764 3800 duodecim
789 3739 840 3799 vel
865 3739 942 3800 citra
966 3738 1035 3802 llor.
1054 3739 1134 3817 auri,
1158 3737 1276 3819 quibus
1301 3737 1360 3820 ipsi
1385 3737 1519 3798 domino
1539 3736 1634 3798 Petro

369 3845 596 3906 archidiacono
622 3845 662 3905 de
687 3845 828 3906 Kemlulr
853 3845 1010 3906 debitoris
1038 3845 1277 3925 obligabantur,
1303 3863 1360 3928 pro
1385 3843 1503 3925 quibus
1527 3843 1634 3904 eidem

370 3951 504 4011 domino
530 3951 624 4012 Petro
649 3948 875 4013 archidiacono
900 3950 985 4012 idem
1009 3951 1170 4012 Fabianus
1195 3950 1298 4012 extitit
1321 3948 1500 4030 fideiussor,
1525 3970 1562 4010 ex
1586 3950 1634 4011 in-

369 4057 462 4119 stanti
499 4075 610 4117 corum
643 4057 804 4138 peticione
839 4057 963 4138 justicia
1000 4057 1161 4118 mediante
1193 4057 1289 4118 vendi
1321 4069 1456 4134 statuta,
1490 4056 1634 4138 predicto

371 4163 502 4226 Thome
519 4164 630 4225 sartori
648 4163 755 4224 vicino
773 4183 808 4224 ex
827 4183 985 4225 consensu
1002 4165 1182 4225 vicinorum
1196 4164 1414 4246 predictorum
1440 4182 1499 4244 pro
1516 4181 1634 4224 novem

370 4270 439 4332 flor.
465 4271 532 4332 auri
557 4270 704 4332 vendidit
727 4285 883 4353 perpetuo
905 4271 1132 4352 possidendam
1150 4283 1181 4332 et
1205 4270 1378 4352 superinde
1396 4285 1442 4332 est
1466 4270 1555 4332 litera
1573 4270 1633 4330 sub

370 4377 522 4458 pendenti
549 4377 656 4458 sigillo
686 4377 927 4439 communitatis
951 4391 1107 4439 emanata.

476 4482 553 4542 ltem
580 4482 756 4567 Elyzabeth
781 4482 891 4544 relicta
916 4483 1053 4545 condam
1080 4483 1207 4568 Matbye
1233 4482 1411 4566 Ztaltorych
1449 4502 1534 4544 nunc
1557 4501 1632 4544 con·

370 4609 438 4650 sors
462 4589 618 4670 legittima
644 4588 776 4670 Georgii
802 4588 895 4669 jurati
914 4589 1012 4650 nostri
1038 4589 1184 4650 moderni
1203 4588 1258 4650 filii
1278 4589 1503 4672 Matheykonis
1528 4589 1559 4650 in
1577 4608 1632 4649 sua

370 4709 401 4755 et
426 4694 526 4756 Elene
551 4693 616 4756 filie
641 4715 696 4756 sue
721 4697 877 4778 personis,
902 4715 984 4756 onus
1009 4709 1039 4757 et
1062 4715 1234 4776 gravamen
1261 4695 1405 4757 eiusdem
1431 4694 1495 4757 filie
1519 4716 1575 4756 sue
1600 4695 1636 4755 in

298 4817 299 4821 ’
370 4821 402 4862 se
427 4801 526 4882 ipsam
545 4816 658 4882 sponte
676 4803 880 4881 assumendo,
904 4817 937 4863 ut
954 4803 1021 4885 ipsa
1037 4805 1169 4865 totalem
1192 4804 1379 4886 porcionem
1398 4803 1524 4882 domus,
1542 4802 1633 4863 fundi

371 4921 401 4968 ct
425 4908 530 4968 celarii
557 4910 754 4971 subterranei
781 4929 817 4969 ac
842 4907 1064 4971 hedificiornm
1092 4911 1122 4970 in
1148 4910 1231 4971 dicta
1260 4911 1387 4972 civitate
1413 4910 1494 4972 inter
1518 4911 1633 4972 domos

371 5025 401 5076 ct
427 5012 545 5075 fundos
570 5015 652 5076 Petri
679 5015 753 5076 dicti
780 5015 901 5100 lwsyclr
935 5031 966 5077 et
989 5017 1164 5077 liberorum
1190 5017 1327 5078 condam
1361 5017 1490 5080 Thome
1515 5030 1546 5077 et
1570 5017 1633 5080 De—
