3832 5804
812 568 1040 648 Anno1462‚'
1484 591 1541 634 221

281 782 415 844 senioris
439 780 555 864 judicis
579 779 636 843 filii
662 780 759 860 Petri,
783 781 946 842 mediante
979 779 1098 843 fossato
1130 784 1171 845 ab
1195 784 1319 845 oriente
1343 783 1425 845 inter
1448 785 1544 848 aliam

280 901 396 951 terram
421 888 522 970 ipsius
546 887 702 948 lohannis
733 886 849 968 judicis
881 887 1029 950 similiter
1059 890 1220 951 mediante
1257 887 1417 952 fossatos
1450 892 1544 954 meri·

280 995 388 1072 dione,
413 1008 444 1057 et
469 995 551 1056 inter
574 1009 690 1056 terram
716 995 871 1056 arabilem
904 995 1031 1076 providi
1066 995 1122 1057 viri
1149 996 1279 1080 Mathye
1314 997 1544 1080 Kerzovvalych

279 1101 414 1162 senioris
437 1099 543 1182 jurati,
567 1103 607 1162 ab
625 1101 803 1179 occidente,
828 1101 907 1161 duas
924 1101 1025 1163 dietas
1050 1117 1131 1164 terre
1149 1103 1180 1163 in
1205 1123 1238 1164 se
1263 1103 1449 1180 continens;
1468 1103 1543 1165 item

280 1221 392 1288 quarta
416 1220 497 1270 terra
524 1207 556 1268 in
589 1207 675 1268 dicto
707 1225 822 1290 campo
855 1207 938 1269 inter
970 1208 1049 1269 duas
1081 1209 1148 1269 vias
1181 1228 1379 1286 communes,
1404 1229 1543 1271 unama

279 1312 482 1376 meridionali
497 1327 528 1376 et
543 1313 674 1375 alteram
693 1313 946 1396 septemtrionali
961 1315 1103 1396 partibus
1120 1315 1273 1394 habitam,
1290 1330 1321 1378 et
1334 1316 1415 1377 inter
1427 1331 1542 1377 terram

278 1419 453 1482 liberorum
478 1440 534 1481 seu
558 1439 779 1482 successorum
805 1419 941 1482 condam
968 1421 1049 1483 Pero
1074 1419 1130 1483 filii
1156 1421 1292 1482 condam
1320 1422 1403 1484 Petri
1421 1421 1544 1504 Saphar

279 1526 356 1588 olim
382 1527 508 1606 judicis,
532 1527 572 1588 ab
596 1528 731 1605 oriente,
756 1546 814 1588 nec
846 1547 910 1588 non
947 1528 1028 1590 inter
1059 1542 1176 1590 terram
1209 1529 1363 1591 arabilem
1390 1529 1543 1591 Demetrii

278 1634 410 1696 sartoris
433 1633 528 1714 jurati
553 1648 736 1696 nostrorum
767 1634 951 1697 concivium
985 1633 1138 1714 habitam,
1167 1635 1247 1696 duas
1279 1637 1380 1698 dietas
1403 1649 1485 1697 terre
1509 1635 1541 1698 in

280 1759 312 1802 se
337 1741 523 1816 continens;
548 1740 624 1801 item
649 1741 761 1821 quinta
785 1754 868 1802 terra
893 1740 924 1800 in
957 1740 1029 1802 loco
1054 1740 1232 1826 Zredysche
1264 1761 1320 1808 seu
1343 1741 1428 1803 viam
1454 1761 1541 1803 com·

277 1866 408 1908 munem
426 1867 534 1908 versus
551 1848 679 1908 Zawam
703 1846 899 1926 tendentem,
924 1867 940 1908 a
960 1860 1049 1929 parte
1066 1847 1257 1909 occidentali
1277 1848 1381 1926 sitam,
1406 1862 1436 1908 et
1460 1847 1542 1912 inter

277 1967 393 2014 terram
416 1953 564 2016 similiter
588 1951 743 2014 arabilem
769 1951 882 2035 prelati
908 1953 1064 2014 lobannis
1080 1954 1216 2015 senioris
1231 1951 1347 2034 judicis
1370 1952 1427 2014 lilii
1454 1953 1539 2016 Petri

276 2081 292 2121 a
318 2060 559 2142 septemtrione,
584 2073 614 2121 et
639 2041 720 2121 inter
744 2073 861 2121 terram
886 2060 1039 2121 arabilem
1070 2059 1205 2142 predicti
1230 2060 1391 2122 colendini
1418 2058 1544 2122 conire-f

278 2166 436 2228 ternitatis
458 2165 717 2228 Teutonicorum
750 2165 890 2227 habitam
924 2181 955 2227 et
987 2166 1187 2244 existentem,
1219 2186 1276 2248 per
1307 2165 1443 2230 condam
1468 2186 1540 2248 pro·

276 2272 388 2333 vidum
414 2272 517 2333 virum
543 2272 706 2333 Andream
732 2269 924 2352 freniparem
950 2273 1027 2334 olim
1056 2273 1221 2334 concivem
1247 2284 1391 2332 nostrum
1417 2272 1539 2334 dudum

276 2377 361 2439 dicto
394 2379 567 2440 colendino
600 2377 870 2440 confraternitatis
902 2379 1161 2440 Teutonicorum
1192 2379 1331 2459 legatas,
1364 2398 1490 2460 semper
1522 2398 1540 2440 a

279 2485 436 2546 memoria
469 2485 638 2546 hominum
670 2504 726 2566 per
757 2483 914 2566 prelatum
955 2484 1162 2546 colendinum
1194 2499 1313 2562 tentas;
1346 2485 1422 2546 item
1454 2497 1540 2560 sexta

277 2605 360 2654 terra
385 2611 484 2674 penes
508 2611 625 2673 aquam
651 2591 915 2673 Kalynovviczam
940 2611 1039 2673 penes
1062 2605 1178 2652 terram
1205 2611 1242 2652 ex
1268 2605 1403 2672 utroque
1429 2590 1539 2670 Krogh

279 2697 449 2759 ducentem
475 2712 505 2759 et
529 2697 662 2759 ecclesie
679 2697 781 2758 sancti
807 2697 936 2758 Martini
956 2699 986 2758 in
1005 2698 1162 2759 suburbio
1180 2697 1317 2758 civitatis
1341 2697 1539 2774 existentem,

277 2819 415 2886 quatuor
440 2805 541 2867 dietas
566 2806 597 2866 in
621 2825 654 2866 se
679 2805 847 2866 continens
871 2805 977 2866 eidem
999 2802 1253 2866 confraternitati
1277 2801 1539 2866 confirmavimus

279 2925 309 2972 et
333 2911 503 2973 statuimus
530 2924 588 2974 etc.

379 3017 475 3091 Quod
494 3019 569 3099 quia
587 3018 721 3099 provida
739 3018 855 3080 mulier
873 3018 973 3079 Elena
991 3031 1101 3080 vocata
1119 3018 1228 3079 relicta
1245 3017 1382 3079 condam
1401 3017 1532 3096 vasne,

275 3144 358 3186 nunc
383 3144 459 3186 vero
484 3143 564 3186 uxor
587 3125 743 3208 legittima
764 3125 859 3186 alasii
885 3124 1098 3208 Ztoymylych
1116 3123 1239 3205 pridem
1265 3123 1380 3206 judicis
1404 3137 1434 3185 et
1459 3143 1535 3194 con·

275 3231 353 3292 civis
377 3231 488 3310 nostri,
522 3231 674 3314 primum,
699 3251 756 3293 nec
792 3251 857 3292 non
889 3231 1073 3292 Anthonius
1097 3229 1296 3312 ,Oprasnych
1328 3243 1359 3292 et
1392 3229 1538 3311 Philipus

274 3350 363 3398 sutor
387 3337 536 3399 concives
559 3337 659 3399 nostri
677 3350 862 3399 executores
878 3337 1059 3398 testamenti
1085 3335 1199 3419 prefati
1217 3336 1400 3418 Augustini,
1425 3350 1459 3397 ut
1477 3335 1537 3418 ipsi

278 3443 439 3525 quandam
464 3443 591 3505 vineam
626 3444 770 3506 annotati
804 3443 942 3506 condam
975 3443 1148 3524 Augustini
1174 3443 1205 3504 in
1237 3443 1397 3505 territorio
1428 3457 1540 3504 nostro

275 3549 356 3611 inter
380 3550 507 3611 vineam
532 3551 632 3612 sancti
657 3549 755 3611 Marci
780 3549 988 3631 ewangeliste
1006 3549 1137 3610 ecclesie
1163 3561 1269 3610 nostre
1293 3547 1486 3630 parochialis
1504 3548 1541 3620 iu¹

274 3657 356 3718 dicta
381 3657 509 3718 civitate
535 3654 676 3734 fundate,
702 3676 718 3716 a
744 3655 949 3716 meridionali
975 3655 1079 3737 plaga,
1097 3669 1127 3715 et
1156 3655 1237 3715 inter
1262 3654 1374 3715 silvam
1400 3673 1456 3714 seu
1473 3653 1536 3715 vir·

271 3763 396 3842 gultum
421 3761 556 3845 provide
581 3761 714 3824 domine
740 3761 941 3840 Margarethe
973 3759 1038 3823 filie
1065 3761 1217 3843 Stephani
1244 3759 1299 3822 lilii
1327 3759 1539 3842 Dragachych-

271 3868 380 3930 relicte
406 3868 543 3930 condam
570 3868 654 3929 ltvan
679 3869 755 3930 dicti
781 3867 926 3929 Klachen
950 3865 1007 3928 filii
1033 3867 1209 3949 Radozlay,
1235 3886 1252 3928 a
1277 3866 1370 3948 plaga
1395 3881 1532 3948 septem·

270 3973 411 4052 trionali,
425 3994 480 4056 per
505 3973 669 4057 quoddam
688 3972 842 4036 fossatum
860 3993 916 4056 per
932 3973 1023 4035 cuius
1047 3971 1155 4035 fossati
1181 3974 1323 4034 medium
1351 3973 1535 4053 incipiendo

270 4080 407 4162 acapite
431 4080 573 4141 eiusdem
600 4078 708 4142 fossati
727 4093 757 4141 et
781 4099 882 4161 usque
907 4077 1004 4141 finem
1022 4080 1121 4162 ipsius
1137 4093 1220 4142 certe
1245 4081 1374 4141 arbores
1396 4079 1531 4140 salicum

273 4205 330 4268 per
354 4186 483 4248 easdem
507 4201 611 4268 partes
635 4207 751 4249 vacuas
782 4186 860 4248 alias
892 4187 1067 4268 replantare
1104 4185 1232 4248 luerunt
1263 4185 1421 4248 metaliter
1445 4205 1534 4267 sepa·

270 4309 370 4356 ratam
397 4307 428 4356 et
453 4294 648 4373 distinctam,
673 4315 710 4354 ac
734 4295 816 4355 inter
847 4294 927 4354 duas
957 4294 1025 4355 vias
1058 4313 1246 4356 communes
1270 4315 1287 4354 a
1310 4293 1360 4354 via
1387 4292 1536 4354 videlicet

271 4400 427 4484 superiori
453 4413 483 4461 et
507 4398 588 4461 infra
612 4419 712 4482 usque
738 4401 878 4461 rivulum
903 4399 999 4461 simul
1024 4420 1096 4462 cum
1125 4399 1265 4481 virgulto
1291 4399 1395 4460 eidem
1420 4400 1478 4460 sub
1504 4411 1535 4460 et

271 4505 428 4587 adjacenti
454 4507 616 4568 mediante
635 4507 718 4568 dicta
742 4507 804 4568 alia
821 4508 872 4568 via
896 4507 1061 4568 communi
1080 4505 1223 4568 inferiori
1240 4525 1272 4567 se
1298 4504 1533 4582 extendentem,

270 4632 329 4694 pro
353 4613 460 4674 anima
485 4633 541 4674 sua
566 4613 661 4675 vendi
681 4613 850 4675 commissa
869 4612 992 4694 prelato
1011 4613 1117 4674 Blasio
1134 4613 1232 4693 judici
1257 4632 1315 4694 pro
1333 4612 1445 4693 viginti
1461 4625 1539 4672 octo·

269 4719 338 4783 lior.
363 4720 432 4781 auri
457 4720 677 4782 vendidissent
701 4740 756 4803 per
780 4720 920 4781 eundem
953 4733 1108 4802 perpetuo
1132 4719 1359 4802 possidendam
1385 4732 1444 4783 etc.

376 4826 419 4889 Ut
443 4827 518 4908 quia
543 4828 677 4910 provida
702 4827 818 4888 mulier
844 4827 983 4888 barbara
1002 4839 1113 4888 vocata
1135 4826 1226 4886 aliter
1250 4825 1335 4886 Rosa
1360 4824 1443 4885 dicta
1467 4823 1532 4886 filia

271 4932 437 4994 Michaelis
461 4935 627 5017 piscatoris
659 4949 689 4995 et
719 4935 847 5016 pistoris
879 4953 998 5016 panum
1032 4934 1110 4994 olim
1144 4933 1285 4993 concivis
1308 4931 1420 5010 nostri,
1448 4951 1533 4994 nunc

271 5059 401 5102 consors
426 5041 581 5122 legittima
601 5040 765 5103 benedicti
790 5041 906 5102 sutoris
924 5037 981 5102 lilii
1008 5039 1160 5122 Stephani
1187 5037 1345 5123 lwanych,
1370 5039 1531 5121 quandam
