3840 5810
780 609 867 668 Anno
889 621 981 686 1442.
1477 625 1513 688 ¹7

250 713 487 721 -—-—.—-—.
1342 715 1402 720 ---..
1440 714 1513 722 .--

354 819 432 882 Item
447 819 560 882 eedem
574 821 706 882 domina
721 820 886 884 Dorothea
900 834 930 884 et
942 821 1073 882 domina
1088 821 1250 882 Jeronima
1265 820 1361 882 aliam
1379 820 1513 882 domum

250 945 358 986 earum
383 941 543 988 muratam
566 927 665 990 simul
697 947 770 990 curn
795 926 897 990 fundo
930 942 962 989 et
986 925 1144 989 hedificiis
1174 941 1239 988 tam
1264 926 1384 1007 lapidei
1417 943 1514 1006 quarn

249 1031 346 1113 lignei
379 1034 506 1116 operis,
539 1033 660 1096 ibidem
691 1054 790 1117 penes
828 1034 1006 1116 predictam
1043 1034 1176 1095 domurn
1209 1045 1368 1094 muratam
1401 1031 1515 1115 prefati

249 1139 376 1200 claustri
401 1153 432 1202 et
456 1139 696 1228 Heremitarum
721 1141 940 1223 predictorum
973 1140 1127 1218 habitam,
1158 1159 1254 1201 unam
1281 1140 1437 1220 integram
1462 1159 1514 1201 cu·

250 1245 327 1306 riam
352 1245 393 1307 ad
417 1266 510 1308 usum
536 1248 673 1310 civitatis
697 1247 840 1331 predicte
865 1247 897 1308 in
923 1266 956 1308 se
985 1247 1216 1324 continentem,
1241 1266 1314 1308 curn
1339 1245 1404 1307 suis
1429 1247 1514 1308 utili-

251 1352 369 1414 tatibus
393 1366 424 1414 et
458 1353 666 1436 pertinenciis
689 1354 847 1416 universis
878 1353 1023 1435 predicto
1055 1352 1193 1414 claustro
1219 1353 1458 1414 Heremitarum
1486 1365 1517 1414 et

251 1455 399 1520 fratribus
423 1460 455 1520 in
479 1460 594 1522 eodem
612 1460 889 1522 commorantibus
905 1474 938 1523 et
962 1457 1155 1521 infuturum
1181 1458 1429 1537 commorandis,
1446 1471 1515 1520 tum

251 1566 293 1626 ob
317 1585 407 1647 spem
432 1567 615 1628 beatissime
639 1567 772 1648 virginis
790 1567 903 1646 Marie,
927 1585 1025 1648 quam
1042 1567 1109 1648 ipse
1138 1566 1170 1626 in
1194 1565 1307 1628 eadem
1332 1565 1515 1626 beatissima

252 1671 374 1752 virgine
400 1673 501 1734 Maria
526 1673 699 1753 habebant,
723 1687 791 1735 turn
815 1673 917 1736 eciam
942 1675 985 1735 ob
1002 1672 1163 1754 refugium
1189 1673 1332 1754 ipsorum
1358 1671 1419 1732 hoc
1435 1687 1515 1734 tem·

250 1797 327 1859 pore
353 1779 520 1860 inpaccato
545 1781 585 1842 ad
610 1782 712 1864 ipsam
741 1782 904 1844 civitatem
938 1780 1180 1862 zagrabiensem
1206 1779 1411 1858 habencium,
1436 1799 1515 1862 pure

250 1899 280 1946 et
312 1886 501 1968 simpliciter
533 1887 735 1950 donaverunt
766 1901 797 1950 et
833 1887 993 1949 dederunt
1032 1901 1189 1970 perpetuo
1222 1887 1451 1969 possidendam
1485 1901 1516 1948 et

250 1993 420 2076 superinde
446 2008 492 2057 est
524 1995 613 2056 litera
648 1997 706 2056 sub
740 1994 891 2078 pendenti
926 1995 1034 2076 sigillo
1066 1994 1307 2056 communitatis
1331 1993 1515 2076 privilegia·

250 2100 321 2160 liter
349 2113 506 2163 emanata.

355 2206 432 2269 ltem
451 2207 566 2268 domus
584 2223 706 2270 murata
720 2229 792 2270 curn
808 2208 910 2270 fundo
924 2223 954 2270 et
967 2207 1124 2270 hedificiis
1137 2207 1275 2268 condam
1289 2207 1414 2268 domini
1429 2207 1514 2267 Petri

250 2313 515 2394 presbiteridicti
549 2315 682 2394 Nowak,
715 2316 792 2376 olim
824 2315 952 2398 plebani
978 2315 1113 2376 ecclesie
1138 2317 1229 2376 beate
1257 2313 1356 2374 Marie
1382 2313 1516 2393 virginis

253 2419 283 2478 in
311 2419 470 2498 Klokoch‚
504 2422 534 2481 in
560 2421 688 2484 civitate
721 2422 863 2503 predicta
889 2423 970 2482 inter
1002 2421 1137 2498 domos,
1169 2417 1288 2482 fundos
1312 2433 1343 2480 et
1367 2417 1514 2481 hedificia

251 2525 428 2588 liberorum
453 2527 591 2589 condam
622 2529 777 2590 lobannis
810 2527 926 2608 judicis
958 2527 1034 2588 dicti
1061 2527 1163 2608 Bolye
1194 2539 1225 2588 et
1249 2525 1412 2588 Valentini
1438 2525 1515 2587 dicti

251 2633 473 2712 Merkadanth,
498 2647 681 2696 nostrorum
700 2635 894 2712 concivium,
915 2634 1068 2712 habitam,
1086 2651 1183 2694 unam
1209 2633 1366 2712 integram
1392 2631 1514 2694 curiam

251 2739 281 2800 in
306 2759 338 2800 se
364 2741 531 2802 continens
555 2761 627 2802 curn
656 2743 721 2803 suis
747 2742 962 2824 pertinenciis,
981 2761 1016 2802 ex
1035 2739 1201 2821 legacione
1226 2739 1360 2822 predicti
1387 2739 1512 2800 domini

252 2845 332 2906 Petri
359 2846 492 2926 Nowak,
516 2847 591 2908 Viro
615 2867 735 2929 genero
759 2867 819 2910 suo
844 2862 874 2910 et
899 2847 993 2910 Clare
1017 2847 1142 2909 mulieri
1169 2845 1232 2908 filie
1258 2847 1402 2908 eiusdem
1429 2845 1513 2908 Petri

250 2952 373 3014 Nowalc
399 2955 538 3015 consorti
564 2955 708 3016 eiusdem
734 2955 798 3016 Viti
824 2967 870 3016 est
887 2954 1124 3016 sentencialiter
1141 2953 1321 3034 adjudicata
1346 2967 1378 3018 et
1402 2972 1513 3034 super-

251 3059 325 3120 inde
358 3073 404 3122 est
436 3061 525 3122 litera
562 3063 621 3123 sub
657 3061 811 3144 pendenti
847 3061 956 3143 sigillo
997 3059 1238 3123 communitatis
1271 3058 1515 3142 privilegialiter

252 3179 408 3230 emanata.

355 3273 434 3335 ltem
458 3273 600 3356 prelatus
623 3276 716 3338 Vitus
739 3296 838 3357 gener
870 3275 946 3336 dicti
980 3275 1104 3336 domini
1130 3274 1213 3336 Petri
1239 3274 1363 3334 Nowak
1400 3274 1431 3334 in
1457 3293 1514 3334 sua

252 3392 282 3441 et
305 3379 426 3462 prefate
451 3381 546 3444 Clare
571 3383 716 3444 mulieris
741 3383 898 3445 consortis
928 3403 984 3444 sue
1016 3381 1171 3463 personis,
1196 3379 1351 3462 prefatam
1378 3380 1513 3441 domurn

253 3506 362 3548 eorum
388 3503 546 3550 muratam
571 3503 602 3550 et
626 3489 762 3552 fundum
793 3510 828 3550 ac
860 3487 1008 3552 hedificia
1040 3489 1135 3550 unius
1172 3488 1293 3568 integre
1319 3487 1406 3548 curie
1440 3505 1513 3547 cunr

253 3593 315 3654 suis
347 3595 553 3675 pertinenciis
584 3609 615 3658 et
646 3597 838 3659 utilitatibus
880 3595 1037 3657 universis
1069 3593 1213 3677 predicto
1246 3593 1381 3654 Nicolao
1413 3592 1510 3674 judici

254 3714 361 3762 nostro
386 3702 544 3764 moderno
569 3703 636 3766 filio
662 3705 745 3765 Petri
770 3723 828 3786 pro
852 3703 981 3782 triginta
1007 3701 1151 3784 quinque
1181 3699 1250 3762 flor.
1275 3701 1342 3762 auri
1369 3699 1514 3760 vendidit

253 3821 407 3890 perpetuo
432 3810 660 3890 possidendam
686 3825 717 3873 et
747 3809 919 3892 superinde
944 3823 990 3870 est
1022 3809 1113 3870 litera
1138 3809 1196 3868 sub
1230 3807 1383 3889 pendenti
1407 3805 1515 3887 sigillo

254 3917 491 3978 communitatis
516 3918 759 3999 privilegialiter
783 3915 927 3980 coniecta
953 3931 984 3978 et
1008 3929 1165 3978 emanata.

254 4134 333 4206 ltem
362 4138 505 4209 sabbato
534 4143 688 4228 proximo
720 4148 795 4229 post
828 4141 949 4211 festum
987 4135 1195 4209 lnvencionis
1233 4143 1349 4207 sancte
1387 4133 1515 4207 Crucis.

811 4299 855 4369 (5.
878 4296 974 4367 maii).

358 4434 436 4496 ltem
462 4435 593 4498 domina
618 4436 819 4518 Margaretha
841 4435 950 4496 relicta
976 4433 1112 4496 condam
1146 4431 1259 4493 Briccii
1296 4431 1374 4492 olim
1400 4427 1517 4508 judicis

255 4553 285 4600 et
307 4541 448 4602 concivis
473 4543 572 4604 nostri
597 4542 653 4604 filii
685 4543 849 4604 Benedicti
876 4556 906 4603 et
939 4541 1101 4602 lohannes
1130 4538 1213 4600 filius
1239 4539 1320 4598 Pero
1345 4555 1381 4596 ex
1399 4535 1514 4594 eodem

256 4658 284 4705 et
307 4665 342 4707 ex
368 4647 509 4728 predicta
535 4648 667 4710 domina
685 4647 885 4730 Margaretha
907 4647 1064 4728 legittime
1082 4646 1279 4728 progenitus,
1303 4638 1514 4703 commissarii

257 4765 285 4812 et
319 4759 504 4816 executores
535 4756 639 4818 ultimi
676 4756 857 4818 testamenti
895 4753 1006 4837 prefati
1045 4753 1157 4814 Briccii
1195 4751 1319 4830 judicis,
1353 4747 1514 4829 quandam

257 4857 386 4922 domum
411 4877 568 4924 muratam
594 4883 665 4924 cum
691 4864 753 4924 alia
779 4863 878 4923 domo
903 4875 1025 4923 murata
1055 4873 1085 4920 et
1110 4858 1218 4920 tundis
1241 4877 1276 4918 ac
1301 4854 1425 4916 celariis
1449 4865 1514 4912 tam

258 4968 385 5028 muratis
409 4987 505 5049 quarn
530 4969 694 5048 terraneis,
719 4989 776 5030 nec
802 4989 865 5030 non
892 4980 923 5029 et
946 4967 1017 5028 aliis
1038 4965 1160 5027 cunctis
1184 4965 1249 5025 suis
1274 4961 1469 5024 utilitatibus
1486 4969 1517 5019 et

259 5073 457 5153 pertinenciis
482 5076 638 5138 universis
663 5076 744 5138 inter
772 5075 887 5136 domos
912 5089 942 5135 et
963 5073 1081 5134 fundos
1105 5093 1140 5134 ac
1158 5071 1260 5132 curias
1286 5069 1381 5132 Blasii
1400 5065 1518 5144 judicis

1411 5175 1428 5215 2
