3840 5810
432 614 468 674 18
958 614 1045 670 Anno
1067 626 1160 690 1443.

427 844 463 886 ac
486 823 664 886 liberorum
688 821 827 884 condam
852 823 937 886 Petri
962 822 1085 906 Saphar
1115 837 1147 885 et
1174 823 1351 885 liberorum
1376 823 1514 885 condam
1540 823 1629 884 ssank
1653 843 1690 884 ac

429 931 587 992 Leonardi
614 929 720 1010 jurati,
745 949 804 992 nec
837 950 901 992 uon
927 931 1026 1013 ipsius
1060 930 1192 992 domine
1217 929 1418 1012 Margarethe
1450 930 1603 1009 habitam,
1628 949 1692 1012 que

427 1037 564 1100 condam
592 1035 740 1118 Gregorii
766 1036 859 1116 jurati
895 1035 999 1098 fratris
1025 1035 1124 1119 ipsius
1153 1037 1266 1099 Briccii
1290 1036 1406 1118 judicis
1429 1035 1609 1119 prefuisset,
1634 1035 1690 1097 Ni·

429 1144 522 1206 colao
547 1142 645 1224 judici
683 1143 840 1205 moderno
873 1143 1010 1206 civitatis
1040 1142 1182 1226 predicte
1216 1141 1283 1205 tilio
1308 1143 1393 1205 Petri
1425 1162 1483 1226 pro
1508 1156 1637 1204 centum
1660 1156 1692 1204 et

427 1250 664 1332 quinquaginta
688 1248 758 1311 flor.
782 1251 851 1312 auri
869 1269 906 1310 er
931 1269 1090 1312 consensu
1107 1249 1289 1312 vicinorum
1310 1249 1527 1332 predictorum
1553 1249 1691 1310 auctori·

427 1369 491 1418 tate
516 1356 735 1418 commissaria
768 1355 984 1418 vendiderunt
1015 1370 1171 1438 perpetuo
1203 1355 1433 1438 possidendam
1465 1370 1496 1418 et
1519 1354 1693 1438 superinde

427 1477 474 1524 est
498 1462 589 1524 litera
613 1463 672 1524 sub
697 1462 849 1544 pendenti
877 1461 986 1544 sigillo
1010 1463 1252 1525 communitatis
1273 1462 1516 1545 privilegialiter
1533 1476 1692 1524 emanata.

428 1693 519 1770 Item
547 1694 581 1769 in
610 1717 704 1770 anno
733 1692 878 1769 Domini
917 1694 1105 1770 millesimo
1143 1694 1499 1794 quadringentesimo
1537 1693 1692 1794 quadra-

426 1819 567 1917 gesimo
596 1819 723 1909 tercio
752 1827 920 1914 tempore
953 1816 1134 1916 judicatus
1167 1819 1349 1918 presentis
1387 1817 1520 1918 prelati
1549 1815 1689 1892 Nicolai

426 1941 558 2039 judicis
587 1943 702 2016 nostri
732 1942 894 2017 moderni
922 1940 981 2016 filii
1010 1941 1119 2032 Petri,
1158 1943 1191 2016 in
1216 1941 1285 2017 fine
1314 1941 1475 2017 eiusdem
1515 1939 1692 2034 judicatus

470 2067 628 2142 sabbato
658 2067 822 2165 proximo
852 2074 937 2166 post
965 2065 1098 2140 festum
1128 2063 1388 2142 Conversionis
1418 2065 1517 2141 beati
1548 2063 1648 2139 Pauli

974 2190 1146 2290 apostoli.

937 2398 1001 2476 (26.
1017 2402 1179 2478 januarii).

533 2543 611 2605 ltem
637 2553 699 2604 u'na
736 2557 848 2624 quarta
873 2545 960 2604 curie
992 2543 1084 2604 fundi
1112 2543 1204 2606 vacui
1237 2543 1375 2605 condam
1409 2542 1565 2605 Anthonii
1598 2563 1690 2606 arcu-

428 2648 524 2730 paris,
556 2649 587 2709 in
621 2661 770 2731 postergo
802 2645 893 2710 fundi
926 2649 1087 2712 Valentini
1121 2649 1214 2732 jurati
1246 2648 1304 2710 filii
1338 2647 1503 2710 Michaelis
1534 2647 1689 2710 Saronich

428 2755 509 2816 inter
534 2753 652 2816 fundos
675 2754 808 2836 Georgii
833 2755 951 2817 hatich
976 2769 1007 2818 et
1031 2757 1115 2818 Petri
1145 2754 1337 2818 Zudrowich
1362 2755 1481 2834 habita,
1505 2775 1523 2816 a
1548 2753 1692 2836 predicto

425 2857 528 2922 fundo
560 2861 659 2944 ipsius
690 2861 853 2924 Valentini
887 2862 980 2943 jurati
1012 2883 1029 2924 a
1062 2863 1241 2925 meridione
1273 2861 1383 2923 habito
1416 2881 1517 2944 usque
1552 2859 1691 2922 fundum

429 2969 514 3030 Petri
550 2969 695 3050 Hungari
727 2990 744 3030 a
776 2970 1006 3051 septemtrione
1040 2969 1197 3048 habiturn,
1229 2969 1261 3030 in
1293 2969 1498 3052 longitudine
1521 2967 1633 3060 viginti
1659 2981 1691 3028 et

426 3076 598 3138 dimidium
624 3077 752 3139 brachia
778 3076 879 3139 ferrea
904 3078 936 3138 in
961 3098 993 3138 se
1019 3078 1198 3156 continens,
1223 3097 1280 3160 per
1304 3077 1530 3140 vendicionem
1555 3073 1688 3157 predicti

425 3182 580 3244 Anthonii
606 3183 769 3265 arcuparis
793 3183 938 3264 predicto
956 3183 1129 3245 Valentino
1153 3183 1258 3266 jurato
1275 3196 1321 3244 est
1345 3181 1588 3264 privilegialiter
1614 3199 1691 3242 con-

425 3286 548 3349 firmata
572 3290 631 3349 sub
656 3289 807 3370 pendenti
832 3289 940 3370 sigillo
963 3303 1120 3371 perpetuo
1145 3289 1350 3371 possidenda.

536 3393 612 3455 ltem
637 3395 744 3475 iudex,
769 3394 875 3476 jurati,
908 3395 1083 3457 consiliarii
1108 3409 1139 3456 et
1170 3396 1310 3458 universi
1336 3395 1420 3457 cives
1451 3414 1488 3456 ac
1511 3405 1578 3456 tota
1603 3413 1691 3454 com·

426 3501 566 3562 munitas
580 3515 710 3582 propter
727 3500 932 3563 manifestum
951 3500 1070 3563 furtum
1088 3515 1119 3564 et
1136 3501 1348 3563 homicidium
1363 3500 1474 3562 Jacobi
1491 3499 1569 3562 alias
1586 3499 1690 3582 jurati,

426 3608 568 3669 concivis
585 3608 695 3686 nostri,
719 3607 776 3670 filii
801 3609 886 3670 Petri
906 3608 1039 3690 Saphar,
1056 3623 1222 3690 tamquam
1248 3607 1326 3669 furis
1354 3621 1384 3669 et
1408 3605 1570 3670 homicide
1588 3605 1690 3666 mani·

426 3712 507 3790 festi,
533 3713 666 3774 totalem
692 3714 879 3796 porcionem
904 3715 1048 3776 eiusdem
1074 3715 1196 3793 Jacobi,
1220 3729 1386 3796 tamquam
1411 3713 1529 3774 notorii
1557 3711 1636 3773 furis
1659 3725 1691 3771 et

425 3820 589 3882 homicide
615 3819 785 3900 manifesti,
811 3821 842 3881 in
877 3821 1074 3882 sessionibus
1106 3821 1366 3904 jobagionalibus
1390 3821 1422 3882 in
1448 3819 1611 3901 Pobresya
1636 3816 1692 3878 ha-

425 3927 499 3988 bitis
536 3927 686 3989 videlicet
710 3941 848 4008 quatuor
872 3928 1030 3988 sessiones
1054 3927 1276 4010 jobagionales
1305 3947 1378 3990 cum
1402 3926 1493 3988 terris
1516 3925 1693 3986 arabilibus

425 4033 589 4116 Delnycze
614 4047 644 4094 et
662 4033 864 4117 Srehynycze
889 4034 1028 4110 vocatis;
1051 4035 1127 4095 item
1144 4034 1278 4096 totalem
1296 4033 1483 4116 porcionem
1509 4031 1539 4092 in
1558 4029 1693 4112 quibus·

425 4139 498 4200 dam
532 4140 623 4202 terris
656 4139 831 4200 arabilibus
862 4140 944 4202 inter
976 4139 1093 4201 fluvios
1125 4141 1292 4202 Borchena
1325 4140 1431 4201 mlaka
1467 4153 1498 4200 et
1522 4137 1693 4221 Thysycza

424 4259 555 4306 vocatos
579 4244 712 4324 habitis,
746 4245 851 4328 ipsum
885 4247 1042 4308 iacobum
1082 4230 1140 4328 pro
1181 4265 1334 4328 porcione
1371 4265 1428 4306 sua
1460 4243 1692 4321 continentem,

425 4351 554 4435 Mathye
588 4351 705 4411 Farltas
737 4351 841 4432 jurato
873 4367 983 4415 nostro
1014 4353 1172 4414 moderno
1206 4367 1236 4414 et
1269 4353 1401 4414 domine
1435 4349 1611 4412 Katherine
1635 4367 1692 4410 sue

424 4457 563 4518 consorti
600 4457 815 4519 vendiderunt
839 4473 996 4540 perpetuo
1020 4459 1250 4540 possidendam
1275 4473 1306 4521 et
1330 4457 1503 4540 superinde
1528 4469 1575 4517 est
1600 4455 1691 4517 litera

423 4565 482 4625 sub
507 4563 660 4646 pendenti
686 4564 796 4646 sigillo
821 4566 1063 4628 communitatis
1088 4580 1245 4627 emanata.

530 4670 606 4732 ltem
632 4671 772 4753 quedam
798 4671 924 4750 domus,
950 4671 1069 4733 fundus
1092 4685 1123 4732 et
1147 4671 1294 4734 hedificia
1314 4671 1452 4732 condam
1478 4669 1602 4751 Agathe
1621 4688 1692 4730 mu-

426 4777 513 4838 lieris
556 4777 620 4840 filie
653 4778 791 4840 condam
824 4779 958 4840 Fabiani
992 4779 1181 4861 carpentarii
1222 4779 1330 4840 uxoris
1361 4777 1517 4840 Demetrii
1550 4755 1692 4859 agricole

424 4880 480 4942 lilii
508 4883 673 4963 lobannis,
698 4885 780 4945 inter
804 4885 920 4946 domos
945 4897 975 4945 et
1000 4883 1117 4945 fundos
1143 4884 1321 4946 Clementis
1346 4897 1377 4945 et
1401 4883 1555 4944 Anthonii
1583 4883 1691 4944 Petre-

423 4987 522 5070 chych
556 5009 592 5050 ac
626 4989 706 5050 inter
739 4991 956 5072 posteritatem
992 4989 1081 5051 fundi
1115 4991 1241 5052 Nicolai
1276 4989 1497 5074 Polkerhnych
1531 4990 1691 5067 habita,a

424 5107 511 5173 parte
536 5097 703 5175 posteriori
722 5097 791 5175 sita,
816 5117 914 5158 unam
939 5111 1086 5178 quartam
1105 5098 1191 5159 curie
1217 5099 1247 5158 in
1270 5118 1302 5157 se
1327 5098 1506 5175 continens,
1531 5116 1587 5177 per
1605 5097 1691 5176 lega-
