3816 5802
803 551 890 609 Anno
912 562 1001 628 1451.
1476 576 1533 639 ¹²7

272 778 478 822 communem
504 759 622 840 habita,
655 781 728 824 cum
760 763 826 824 suis
859 765 1050 828 utilitatibus
1076 778 1106 827 et
1137 766 1345 848 pertinenciis
1377 761 1534 831 universis

272 865 373 927 Paulo
395 867 508 928 sartori
532 864 600 929 filio
626 867 754 952 Mathye
781 869 909 932 Philecz
926 870 1013 952 juxta
1043 891 1134 934 suam
1153 875 1422 936 testamentariam
1447 875 1533 958 lega·

271 972 396 1034 cionem
421 986 468 1034 est
490 987 607 1037 statuta
630 990 661 1036 et
689 975 876 1039 confirmata
908 977 1118 1059 perhenniter
1151 979 1346 1061 possidenda
1370 997 1401 1043 et
1424 1002 1533 1065 super-

271 1078 346 1141 inde
369 1093 415 1141 est
439 1080 499 1142 sibi
523 1079 615 1143 litera
640 1082 851 1165 privilegialis
883 1085 941 1146 sub
975 1084 1129 1168 pendenti
1162 1085 1270 1166 sigillo
1295 1088 1533 1151 communitatis

271 1199 427 1250 emanata.

376 1293 452 1355 ltem
477 1294 594 1356 domus
617 1309 681 1358 tarn
706 1310 829 1358 murata
855 1316 952 1379 quarn
977 1297 1085 1378 lignea
1103 1298 1200 1360 simul
1225 1319 1299 1360 cum
1323 1300 1442 1362 celario
1458 1302 1531 1364 sub·

270 1412 416 1463 terraneo
440 1421 477 1462 ac
501 1400 657 1464 hedificiis
682 1402 714 1463 in
739 1403 823 1466 dicta
848 1404 975 1465 civitate
1007 1404 1089 1466 inter
1121 1405 1256 1466 domurn
1282 1407 1415 1470 ecclesie
1439 1427 1531 1490 paro·

269 1503 381 1567 chialis
406 1507 489 1569 beati
515 1509 614 1569 Marci
648 1509 854 1590 ewangeliste
888 1510 920 1571 in
953 1510 1038 1572 dicta
1070 1511 1197 1573 civitate
1231 1509 1373 1592 lundata,
1397 1527 1428 1575 et
1451 1514 1532 1575 inter

269 1611 402 1674 domum
428 1627 458 1674 et
483 1612 619 1676 fundum
638 1615 815 1678 liberorum
839 1635 896 1678 seu
914 1635 1135 1679 successorum
1153 1618 1290 1680 condam
1309 1618 1444 1680 Fabiani
1461 1619 1530 1680 lite·

269 1720 326 1780 rati
351 1719 469 1800 habita,
495 1741 591 1783 unam
617 1722 774 1804 integram
798 1723 922 1784 curiam
951 1723 982 1784 in
1008 1743 1040 1784 se
1066 1724 1254 1802 continens;
1289 1725 1365 1787 item
1390 1725 1530 1808 quedam

269 1824 330 1887 due
354 1827 448 1890 vinee
472 1828 504 1890 in
529 1829 690 1892 territorio
723 1843 832 1892 nostro
859 1831 941 1892 inter
973 1829 1101 1892 vineam
1128 1831 1262 1913 Agnetis
1287 1831 1431 1893 mulieris
1455 1851 1530 1894 con·

267 1933 361 1995 sortis
385 1935 514 1998 Martini
539 1937 665 2016 sutoris,
690 1939 729 2000 ab
755 1957 818 1999 una
843 1953 943 2020 parte,
968 1939 1007 1999 ab
1039 1937 1138 1998 altera
1163 1957 1240 2000 vero
1264 1953 1352 2021 parte
1377 1939 1460 2001 inter
1484 1939 1529 2000 vi·

269 2059 360 2102 nearn
386 2041 553 2124 hospitalis
577 2045 676 2106 nostri
702 2045 884 2106 communis
909 2043 1036 2122 habite,
1060 2065 1096 2105 ac
1122 2063 1218 2106 unam
1244 2044 1356 2106 silvam
1381 2045 1415 2106 in
1440 2045 1529 2106 terri·

268 2147 351 2208 torio
377 2147 513 2211 civitatis
530 2151 612 2212 inter
628 2151 742 2212 silvam
759 2151 934 2213 liberorum
952 2169 1009 2212 seu
1027 2169 1246 2212 successorum
1264 2149 1400 2211 condam
1419 2151 1529 2213 Jacobi

267 2253 381 2336 judicis
405 2269 436 2318 et
461 2257 614 2319 Jankonis
639 2257 743 2320 fratris
759 2258 819 2336 sui,
837 2279 873 2319 ac
898 2258 980 2318 inter
996 2257 1081 2318 viam
1106 2276 1312 2318 communem
1338 2271 1368 2318 et
1389 2257 1527 2319 rivulum

267 2380 299 2420 se
324 2363 560 2443 extendentem,
578 2363 737 2446 Gregorio
761 2363 829 2426 filio
848 2363 980 2444 Georgii
1004 2361 1109 2425 fratris
1126 2363 1262 2424 carnalis
1284 2363 1409 2425 Nicolai
1428 2363 1527 2426 ltalici

266 2464 324 2528 filii
348 2467 446 2530 Blasii
470 2483 637 2552 tamquam
663 2471 825 2554 propriori
858 2483 890 2532 et
921 2470 1018 2531 unico
1043 2470 1153 2532 heredi
1188 2470 1287 2552 ipsius
1311 2469 1435 2531 Nicolai
1459 2469 1528 2550 jure

266 2572 461 2638 hereditario
496 2576 582 2659 juxta
620 2591 769 2639 contenta
805 2577 1049 2659 privilegiorum
1083 2589 1265 2637 nostrorum
1306 2575 1526 2636 communium

266 2695 339 2742 sunt
362 2695 476 2744 statute
501 2683 742 2764 perhennaliter
765 2681 959 2765 possidende
984 2697 1015 2744 et
1038 2681 1209 2766 superinde
1235 2695 1281 2743 est
1305 2681 1395 2743 litera
1420 2681 1525 2742 eidem

191 2797 193 2800 ’
267 2785 425 2870 Gregorio
450 2791 508 2851 sub
533 2791 686 2872 pendenti
710 2789 818 2872 sigillo
842 2789 1083 2850 communitatis
1103 2787 1345 2870 privilegialiter
1369 2801 1526 2850 emanata.

371 2895 449 2958 Item
481 2897 675 2958 Benedictus
706 2897 798 2958 aliter
831 2895 939 2957 Bedek
971 2909 1121 2974 vocatus,
1156 2913 1253 2956 unam
1277 2907 1400 2975 partem
1433 2892 1526 2955 fundi

266 3003 360 3064 unius
384 3016 496 3086 quarte
521 3005 608 3066 curie
640 3017 724 3064 retro
756 3003 890 3064 domurn
916 3015 947 3063 et
978 3000 1116 3063 luridum
1148 2999 1292 3062 eiusdem
1317 2999 1525 3062 Benedictis

264 3124 353 3191 parte
377 3111 459 3172 muri
485 3111 638 3190 habitam,
663 3112 702 3172 ab
729 3109 829 3171 Elena
858 3109 968 3170 relicta
1001 3121 1031 3169 et
1056 3105 1200 3190 Georgio
1225 3121 1332 3168 sutore
1357 3105 1425 3168 filio
1450 3126 1525 3168 con-

265 3217 338 3279 dam
363 3217 519 3279 Anthonii
545 3217 710 3280 Chernecz
735 3235 793 3298 pro
826 3228 949 3297 septem
983 3215 1090 3297 pensis
1122 3213 1328 3275 denariorum
1353 3212 1431 3275 emit
1455 3232 1525 3295 per·

265 3339 363 3406 petuo
379 3323 608 3407 possidendam
626 3337 657 3386 et
681 3323 853 3406 superinde
869 3321 929 3384 sibi
955 3322 1046 3384 litera
1063 3320 1273 3404 privilegialis
1298 3333 1344 3382 est
1366 3322 1425 3381 sub
1448 3339 1525 3402 pen·

264 3431 351 3493 denti
376 3431 484 3513 sigillo
516 3431 756 3494 communitatis
779 3443 936 3491 emanata.

369 3537 445 3600 ltem
464 3539 603 3600 lacobus
618 3537 715 3620 judex
729 3550 837 3598 noster
854 3535 1030 3597 modernus
1047 3532 1132 3595 filius
1149 3533 1247 3596 Vlrici
1266 3533 1343 3595 dicti
1361 3533 1524 3616 Eberspek

262 3659 293 3706 et
315 3645 448 3708 honesta
481 3645 613 3708 domina
646 3645 847 3726 Margaretha
879 3656 992 3705 vocata
1026 3661 1157 3704 consors
1188 3640 1346 3721 legittima
1379 3640 1522 3701 eiusdem

263 3753 372 3814 Jacobi
398 3753 522 3834 judicis,
547 3752 710 3834 quandam
728 3752 863 3812 domum
888 3769 999 3811 eorum
1019 3762 1176 3809 muratam
1201 3747 1297 3808 simul
1323 3765 1396 3807 cum
1422 3743 1523 3808 fundo

261 3873 292 3922 et
316 3858 472 3922 hedificiis
495 3860 526 3922 in
552 3859 636 3922 dicta
660 3859 788 3921 civitate
807 3858 888 3920 inter
912 3857 1048 3918 domum
1065 3854 1163 3916 Blasii
1188 3853 1282 3935 jurati
1308 3851 1365 3914 filii
1391 3851 1520 3913 Thome

261 3981 292 4028 et
316 3967 397 4028 inter
420 3967 487 4029 vias
518 3986 575 4028 seu
605 3966 727 4048 plateas
758 3983 949 4026 communes
982 3962 1137 4040 habitant,
1169 3961 1227 4022 tria
1253 3959 1410 4042 quartalia
1436 3959 1522 4020 curie

259 4072 300 4134 ad
325 4092 417 4135 usum
442 4073 577 4134 civitatis
593 4072 735 4154 predicte
754 4072 786 4134 in
810 4091 843 4132 se
860 4071 1091 4149 continentem,
1109 4067 1247 4130 Johanni
1273 4067 1413 4149 Baptiste
1432 4065 1520 4127 dicto

259 4178 327 4241 filio
354 4179 513 4241 Lodouici
538 4179 578 4240 de
603 4179 693 4240 Fano
720 4191 750 4240 et
774 4197 830 4240 sue
864 4177 1005 4240 consorti
1030 4196 1087 4258 pro
1120 4175 1260 4257 quadarn
1285 4174 1384 4234 domo
1409 4191 1520 4233 eorum

260 4301 383 4350 murata
408 4300 440 4349 et
463 4285 565 4348 fundo
590 4306 625 4348 ac
642 4284 801 4348 hedificiis
818 4286 849 4346 in
868 4285 981 4346 eadem
1007 4284 1134 4345 civitate
1159 4303 1197 4344 ex
1214 4281 1363 4364 opposito
1388 4279 1520 4342 ecclesie

260 4394 343 4456 beati
369 4395 468 4456 Marci
493 4393 698 4474 ewangeliste
732 4393 813 4454 inter
846 4392 980 4453 domum
1014 4391 1111 4452 Blasii
1144 4389 1258 4471 judicis
1283 4402 1313 4450 et
1344 4388 1520 4449 liberorum

260 4501 350 4564 Bank
373 4499 492 4580 habita,
516 4513 548 4562 et
571 4519 628 4582 pro
653 4499 874 4560 additamento
907 4511 1036 4559 centum
1061 4511 1093 4559 et
1123 4496 1252 4577 triginta
1277 4494 1346 4556 flor.
1371 4495 1440 4555 auri
1464 4513 1521 4576 per

260 4609 393 4670 modum
418 4608 669 4691 permutacionis
686 4620 716 4668 et
740 4604 920 4668 concambii
938 4604 1096 4666 dederunt
1118 4615 1273 4686 perpetuo
1290 4600 1519 4683 possidendam

259 4731 290 4778 et
307 4715 480 4799 superinde
504 4715 610 4776 eidem
634 4712 773 4775 lohanni
798 4711 938 4795 Baptiste
963 4725 1009 4772 est
1032 4711 1123 4772 litera
1148 4709 1207 4770 sub
1233 4708 1387 4790 pendenti
1411 4707 1518 4789 sigillo

259 4823 499 4886 communitatis
523 4835 680 4886 emanata.

364 4931 443 4994 Item
468 4931 599 4994 domina
624 4931 761 4992 Barbara
786 4928 851 4991 filia
868 4926 1006 4990 condam
1025 4925 1191 4988 Michaelis
1217 4923 1408 5002 Sebastiam,
1435 4941 1518 4984 nunc

258 5061 389 5105 consors
425 5041 581 5123 legittima
618 5038 782 5102 Benedicti
818 5035 970 5100 aurifabri
1009 5033 1067 5098 filii
1100 5032 1254 5116 Stephani
1289 5031 1328 5093 de
1362 5031 1518 5114 Baranya,
