3816 5802
908 551 995 608 Anno
1019 565 1111 631 1449.

379 760 437 822 rati
463 759 520 821 lilii
546 759 703 821 lobannis
727 760 766 821 de
793 760 924 842 Chawa,
949 763 989 824 ab
1006 763 1141 843 oriente,
1165 779 1196 826 et
1213 765 1343 828 Martini
1368 769 1478 830 Zubak
1504 789 1541 830 ac
1567 769 1643 832 Cle-

377 867 494 926 mentis
526 881 557 928 et
588 867 718 930 Andree
751 866 888 929 filiorum
923 889 1054 931 suorum
1089 873 1129 933 ab
1161 871 1326 934 occidente
1358 873 1511 954 habitam,
1545 896 1644 938 unam

376 971 494 1034 dietam
518 987 550 1034 et
574 989 721 1054 quartam
740 987 861 1055 partem
880 975 974 1036 unius
992 975 1076 1038 diete
1099 990 1182 1040 terre
1205 978 1236 1040 in
1261 998 1294 1040 se
1318 980 1550 1060 continentem,
1568 1001 1643 1044 cum

376 1097 485 1138 earum
510 1079 704 1140 utilitatibus
734 1093 766 1142 et
798 1081 1005 1162 pertinenciis
1042 1083 1200 1146 universis
1232 1084 1385 1148 Conrado
1418 1087 1549 1150 Rawsar
1574 1087 1644 1150 filio

376 1186 491 1248 eriei
516 1187 674 1250 moderno
697 1186 795 1268 judici
814 1201 924 1249 nostro
948 1202 979 1250 et
1005 1189 1129 1251 concivi
1147 1205 1257 1253 nostro
1281 1212 1339 1275 pro
1357 1193 1468 1256 decem
1487 1193 1555 1256 flor.
1573 1195 1643 1256 auri

375 1294 600 1371 vendiderunt,
625 1309 656 1356 et
681 1295 767 1356 idem
801 1293 899 1376 judex
923 1295 1095 1358 Conradus
1127 1299 1255 1360 easdem
1289 1299 1391 1362 eciam
1423 1302 1643 1382 possessiones

375 1403 414 1462 ab
441 1401 520 1483 Elya
546 1401 650 1462 ludeo
675 1419 733 1482 pro
758 1420 875 1462 novem
892 1401 962 1464 flor.
987 1403 1057 1464 auri
1074 1403 1221 1486 redemit,
1247 1405 1387 1488 ideoque
1404 1421 1469 1469 tota
1494 1427 1643 1470 commu-

375 1509 456 1568 nitas
481 1507 618 1569 civitatis
643 1507 784 1589 predicte
809 1507 937 1570 easdem
955 1511 1173 1591 possessiones
1191 1513 1289 1594 ipsius
1306 1512 1439 1595 Georgii
1463 1513 1642 1576 Ztsncbich

375 1614 526 1676 videlicet
550 1615 677 1678 vineam
703 1629 733 1676 et
756 1629 873 1676 terram
900 1615 1059 1698 predictas
1081 1637 1153 1680 cum
1179 1639 1288 1681 earum
1317 1620 1440 1682 cunetis
1463 1621 1528 1682 suis
1554 1621 1642 1682 utili-

374 1722 491 1782 tatibus
515 1735 546 1783 et
571 1721 777 1803 pertinenciis
802 1722 959 1784 universis
983 1724 1128 1804 predicto
1146 1724 1299 1787 Conrado
1315 1725 1414 1807 judici
1439 1741 1549 1788 nostro
1566 1746 1639 1789 mo-

374 1828 475 1890 derno
498 1829 607 1889 statuit
643 1842 799 1910 perpetuo
830 1829 1041 1910 possidendas
1073 1845 1103 1892 et
1127 1831 1255 1893 easdem
1289 1833 1507 1914 possessiones
1540 1833 1643 1894 literis

374 1934 630 2016 privilegialibus
652 1936 712 1996 sub
744 1934 897 2017 pendenti
922 1935 1030 2016 sigillo
1063 1955 1122 1998 suo
1146 1937 1312 1999 communi
1344 1937 1546 2000 confirmavit
1569 1959 1642 2021 per·

374 2057 472 2124 petuo
497 2042 718 2125 possidendas.

373 2262 455 2333 ltem
485 2264 627 2334 sabbato
664 2261 817 2353 proximo
855 2271 932 2335 ante
971 2265 1093 2336 festum
1130 2285 1188 2335 seu
1229 2266 1262 2335 in
1290 2263 1407 2352 vigilia
1437 2265 1515 2336 sesti
1545 2265 1641 2336 Puri·

612 2386 781 2459 ficaeioois
819 2389 916 2460 beate
944 2409 1074 2478 semper
1101 2387 1242 2478 virginis
1273 2387 1385 2460 llarie.

892 2555 931 2620 (1.
948 2542 1124 2619 februarii).

478 2681 554 2742 ltem
581 2680 734 2743 Clemens
758 2684 933 2744 torculator
957 2681 1041 2744 filius
1066 2683 1177 2745 Jacobi
1195 2684 1344 2746 similiter
1367 2683 1573 2747 torculatoris
1597 2684 1639 2746 de

373 2786 517 2849 Gradsan
555 2788 585 2848 in
611 2807 666 2848 sua
692 2803 722 2850 et
746 2790 901 2850 lobannis
926 2787 1030 2851 fratris
1053 2791 1102 2851 sui
1131 2791 1277 2871 personis
1300 2810 1383 2852 onus
1406 2805 1437 2852 et
1459 2810 1633 2872 gravamen

372 2893 516 2955 eiusdem
534 2891 637 2955 lratris
653 2896 701 2956 sui
727 2896 758 2956 in
783 2913 816 2956 se
836 2895 939 2976 ipsum
958 2910 1071 2977 sponte
1095 2915 1153 2977 per
1178 2897 1287 2958 omnia
1311 2896 1516 2975 assumenda,
1533 2917 1635 2978 quan-

371 2999 445 3060 dam
471 3013 592 3080 partem
618 3020 674 3062 seu
698 3001 885 3082 porcionem
911 3021 1000 3061 suam
1034 3001 1193 3063 vinealem
1227 3023 1244 3063 a
1269 3015 1357 3084 parte
1381 3003 1558 3064 occidentis
1582 3003 1637 3065 ba·

371 3105 482 3185 bitum,
507 3107 589 3169 inter
613 3108 709 3169 aliam
734 3120 855 3188 partem
873 3127 929 3169 seu
946 3109 1132 3191 porcionem
1151 3127 1242 3170 suam
1271 3108 1432 3171 vinealem
1456 3129 1512 3192 per
1529 3109 1636 3192 ipsum

371 3211 574 3275 Clementem
599 3213 826 3274 torculatorem
851 3233 960 3295 prose
985 3214 1089 3276 adbuc
1107 3229 1311 3292 reservatam,
1335 3235 1353 3276 a
1378 3229 1466 3297 parte
1484 3215 1636 3278 videlicet

370 3318 530 3397 orientali,
554 3338 610 3400 per
634 3334 752 3380 metam
777 3333 917 3401 quatuor
944 3320 1089 3402 lapidum
1121 3321 1225 3399 sitam,
1257 3341 1293 3382 ac
1318 3321 1401 3385 inter
1426 3323 1553 3383 vineam
1577 3322 1633 3385 de·

369 3437 486 3486 sertam
511 3438 542 3487 et
566 3424 743 3486 desolatam
768 3439 797 3486 et
821 3426 950 3508 penitus
974 3426 1151 3488 desolatam
1176 3427 1341 3489 colendini
1366 3425 1637 3490 confraternitatis

371 3532 561 3594 Sclauorum
586 3553 603 3594 a
628 3532 808 3593 meridione
846 3553 903 3615 per
932 3547 1049 3595 metam
1075 3533 1243 3594 cuiusdam
1267 3533 1370 3596 cerusi
1394 3534 1549 3612 habitam,
1573 3555 1632 3598 nec

369 3659 434 3701 non
461 3640 543 3700 inter
567 3640 695 3700 vineam
713 3638 870 3700 desertam
896 3640 1072 3700 liberorum
1090 3639 1229 3700 condam
1247 3640 1403 3702 Antbooii
1422 3641 1560 3725 Krywek
1576 3662 1633 3724 per

370 3758 488 3806 metam
512 3743 622 3806 fossati
647 3766 664 3806 a
688 3760 778 3826 parte
802 3745 977 3806 occidentis
1000 3745 1105 3825 sitam,
1126 3745 1255 3827 partim,
1280 3759 1312 3808 et
1335 3746 1452 3828 partim
1477 3747 1559 3809 inter
1582 3747 1631 3809 vi-

369 3870 463 3913 neam
489 3850 648 3912 desertam
675 3852 757 3913 Petri
783 3851 976 3934 lwkowycb,
1000 3853 1040 3912 ab
1059 3852 1175 3914 eodem
1200 3853 1368 3914 occidente
1394 3873 1429 3915 ac
1453 3874 1471 3915 a
1495 3867 1632 3937 septem-

368 3957 472 4018 trione
496 3957 643 4019 similiter
666 3977 723 4039 per
747 3956 914 4037 fossatum,
939 3977 995 4020 nec
1022 3978 1086 4019 non
1109 3959 1191 4020 inter
1216 3959 1344 4021 vineam
1371 3960 1549 4023 Clementis
1572 3959 1631 4023 filii

368 4063 500 4144 Georgii
526 4064 660 4146 Blasycb
686 4065 726 4126 ab
751 4065 866 4126 eodem
890 4065 1120 4147 septemtrione
1148 4066 1296 4127 similiter
1320 4087 1376 4148 per
1400 4066 1555 4130 fossatum
1573 4067 1627 4130 ha-

368 4171 479 4247 bitam,
503 4170 536 4231 in
561 4184 671 4232 monte
703 4170 787 4232 lsecz
820 4185 934 4232 vocato
965 4172 1070 4250 sitam,
1102 4191 1176 4233 cum
1204 4172 1269 4234 suis
1299 4173 1505 4256 pertinenciis
1529 4175 1630 4236 Paulo

367 4276 620 4338 molendinatori
640 4277 726 4338 dicto
752 4277 928 4340 Czwethlco
954 4292 984 4339 et
1009 4278 1107 4339 blasii
1132 4276 1219 4341 fratri
1237 4299 1296 4341 suo
1319 4279 1394 4341 filiis
1418 4279 1547 4342 Thome
1571 4300 1630 4363 pro

367 4403 421 4444 sex
446 4382 516 4445 flor.
542 4385 609 4444 auri
635 4383 781 4445 vendidit
804 4398 959 4465 perpetuo
981 4384 1191 4466 possidendas
1216 4399 1247 4448 et
1270 4385 1444 4468 superinde
1469 4401 1516 4449 est
1538 4387 1630 4449 litera

366 4490 425 4549 sub
450 4488 603 4570 pendenti
627 4489 735 4569 sigillo
760 4491 1000 4552 communitatis
1024 4505 1182 4555 emanata.

473 4594 551 4656 ltem
577 4595 716 4676 quedam
743 4597 836 4658 vinea
861 4597 892 4657 in
918 4611 1028 4658 monte
1053 4597 1156 4680 llycza
1174 4613 1288 4660 vocato
1313 4598 1396 4661 inter
1418 4599 1546 4662 vineam
1571 4601 1630 4662 Fa·

368 4699 453 4760 biani
475 4700 552 4762 dicti
571 4699 796 4784 Gounychich,
814 4723 830 4764 a
848 4703 1038 4781 meridiem,
1056 4719 1087 4766 et
1104 4706 1186 4766 inter
1202 4707 1331 4768 vineam
1350 4707 1497 4769 Barnabe
1512 4705 1631 4770 fistula·

366 4805 486 4867 torisa
513 4809 741 4890 septemtrione
765 4809 883 4887 habits,
917 4811 1054 4893 desuper
1088 4813 1180 4873 avia
1213 4833 1330 4894 magna
1355 4827 1386 4876 et
1410 4815 1575 4876 communi
1601 4829 1633 4877 et

367 4910 449 4973 iufra
474 4932 575 4994 usque
592 4915 743 4995 rivulum,
768 4935 840 4977 cum
858 4917 999 4997 virgulto
1022 4918 1083 4979 sibi
1101 4918 1278 5000 subjacenti
1295 4940 1328 4983 se
1353 4921 1539 5000 extendens,
1557 4940 1632 4983 cum

366 5018 431 5078 suis
456 5020 646 5082 utilitatibus
671 5036 701 5082 et
726 5023 931 5103 pertinenciis
962 5023 1118 5085 universis
1141 5045 1199 5107 per
1230 5025 1445 5089 collacionem
1470 5041 1501 5090 et
1524 5027 1630 5092 dacio-
