3854 5798
403 757 487 819 dicta
511 758 638 820 civitate
663 759 780 820 eteius
804 760 964 822 territorio
982 759 1089 822 habite
1107 761 1138 821 in
1157 775 1297 822 nostram
1315 762 1436 825 scilicet
1459 763 1564 824 tocius
1580 783 1669 825 com-

404 865 570 926 munitatis
594 865 844 947 disposicionem
862 866 948 946 juxta
965 879 1114 931 contenta
1139 867 1223 928 dicte
1240 867 1377 929 civitatis
1393 868 1546 930 devoluta
1564 883 1671 932 essent

403 969 489 1042 iuxta
513 972 739 1034 condicionem
758 972 839 1034 infra
857 973 1095 1052 declarandam,
1112 974 1153 1034 ita
1170 973 1331 1052 videlicet,
1357 973 1419 1036 due
1437 990 1541 1057 partes
1559 996 1669 1038 rerum

403 1093 434 1139 ct
458 1080 619 1141 bonorum
644 1080 789 1142 eiusdem
814 1080 976 1142 homicide
1000 1081 1187 1162 parentibus
1207 1081 1352 1142 eiusdem
1378 1080 1549 1160 interlecti,
1572 1084 1670 1144 tercia

402 1204 478 1246 vero
503 1205 574 1268 pars
599 1186 788 1248 eorumdem
815 1188 976 1248 bonorum
1008 1201 1039 1250 et
1063 1187 1302 1269 possessionum
1335 1187 1480 1250 eiusdem
1505 1188 1670 1251 homicide

401 1290 500 1372 judici
524 1305 555 1354 et
578 1291 689 1373 juratis
713 1313 798 1354 nunc
822 1294 940 1355 nostris
964 1313 1022 1375 pro
1047 1307 1194 1375 tempore
1212 1295 1392 1356 constitutis
1416 1294 1528 1356 cedere
1553 1293 1668 1372 debet;

402 1397 476 1460 ideo
501 1417 560 1459 nos
584 1399 747 1479 quandam
771 1400 899 1460 vineam
926 1399 1048 1462 Mathie
1069 1401 1185 1462 sutoris
1201 1398 1315 1482 prefati
1340 1401 1371 1461 in
1396 1401 1556 1462 territorio
1581 1401 1666 1464 dicte

402 1505 539 1566 civitatis
562 1525 635 1566 cum
653 1505 718 1566 suis
742 1505 949 1588 pertinenciis
966 1505 1095 1589 Mathye
1119 1507 1212 1568 aliter
1230 1507 1353 1569 Mathes
1377 1507 1463 1568 dicto
1488 1505 1555 1568 filio
1573 1507 1669 1568 Eme-

402 1610 458 1671 rici
484 1610 523 1671 de
548 1611 669 1672 Waska
694 1613 818 1673 concivi
842 1625 953 1674 nostro
977 1632 1035 1693 pto
1067 1627 1141 1674 octo
1172 1612 1241 1676 flor.
1267 1614 1335 1674 auri
1367 1613 1573 1675 vendidimus
1597 1613 1666 1695 jure

401 1731 559 1799 perpetuo
583 1731 653 1796 etc,
676 1719 825 1800 antiquas
849 1738 979 1801 quoque
1005 1719 1111 1780 literas
1135 1720 1298 1781 universas
1323 1739 1420 1780 vanas
1444 1721 1666 1782 commisimus

402 1843 499 1906 super
522 1825 614 1886 vinea
640 1825 718 1890 eius.

507 1931 605 2006 Quod
630 1931 706 2012 quia
729 1931 882 1992 discretus
899 1933 947 1992 vir
971 1932 1122 1993 dominus
1140 1932 1323 1994 Demetrius
1340 1933 1495 2014 presbiter
1519 1933 1559 1994 de
1584 1933 1665 1994 Rac-

401 2037 518 2121 chycza
543 2039 728 2120 capellanus
751 2038 883 2100 ecclesie
908 2052 1014 2100 nostre
1043 2038 1235 2120 parochialis
1267 2039 1367 2100 sancti
1394 2039 1491 2100 Marci
1517 2059 1666 2119 ewange-

400 2145 470 2207 liste
495 2146 527 2206 in
552 2145 636 2206 dicta
661 2145 788 2207 civitate
822 2144 965 2224 fundate,
999 2146 1140 2206 concivis
1172 2159 1297 2224 noster,
1329 2144 1431 2207 lassus
1455 2159 1502 2207 est
1526 2145 1664 2207 fundum

399 2271 493 2314 suum
519 2272 656 2314 vacuum
682 2265 712 2313 et
736 2251 894 2314 hedificiis
917 2252 1103 2312 destitutum
1129 2251 1268 2313 indicta
1293 2252 1421 2314 civitate
1446 2253 1528 2315 inter
1552 2253 1667 2314 domos

400 2373 430 2419 et
455 2357 573 2420 lundos
598 2359 774 2420 Ztanlronis
799 2359 938 2440 agricole
963 2373 995 2419 et
1019 2358 1177 2420 Lodouici
1197 2358 1362 2436 institoris,
1387 2359 1612 2438 ameridione,
1637 2374 1668 2420 et

401 2465 518 2546 Magde
543 2466 699 2544 mulieris,
724 2467 764 2526 ab
797 2465 895 2527 altera
928 2485 945 2526 a
978 2465 1232 2546 septemtrionali
1256 2479 1356 2546 parte,
1389 2484 1424 2526 ac
1450 2466 1481 2526 in
1515 2480 1666 2548 postergo

400 2591 456 2632 seu
480 2572 649 2653 posteriori
674 2587 762 2654 parte
787 2591 1007 2633 successorum
1035 2571 1173 2633 condam
1191 2571 1319 2634 Thome
1344 2573 1484 2652 agricole
1508 2572 1666 2650 habitum,

401 2696 496 2738 unam
522 2691 668 2759 quartam
696 2679 727 2740 in
760 2700 794 2742 se
826 2679 1056 2757 continentem,
1089 2679 1193 2759 ipsum
1228 2676 1397 2740 dominum
1423 2679 1665 2740 Demetriuma

401 2784 487 2846 Luca
512 2803 633 2865 genero
657 2785 819 2846 Valentini
846 2785 885 2846 de
906 2785 1072 2846 Wrboucz
1090 2799 1120 2846 et
1143 2785 1321 2864 Anthonio,
1344 2785 1516 2864 sutoribus,
1541 2804 1662 2866 genero

400 2889 537 2952 condam
562 2891 714 2954 Anthone
739 2893 902 2968 institoris,
934 2891 1114 2954 senioribus
1130 2891 1241 2973 juratis
1264 2905 1295 2952 et
1323 2891 1509 2953 concivibus
1534 2891 1661 2970 nostris,

400 2999 625 3060 executoribus
656 3000 794 3061 condam
828 2997 998 3082 Symeonis
1028 2999 1158 3060 sartoris
1189 2998 1268 3060 olim
1296 2999 1438 3059 concivis
1469 2998 1570 3060 nostri
1602 2995 1661 3058 filii

399 3104 578 3169 Clementis
603 3107 689 3190 llych
715 3107 790 3170 dicti
814 3107 852 3168 de
878 3108 981 3169 insula
1004 3107 1163 3192 lwanych,
1187 3126 1246 3189 pro
1263 3107 1393 3168 salutari
1418 3105 1563 3168 remedio
1581 3106 1664 3167 eius·

398 3212 471 3274 dem
496 3213 633 3275 condam
660 3214 831 3296 Symeonis
847 3214 953 3275 eidem
970 3213 1105 3276 domino
1125 3213 1260 3296 Symoni
1279 3213 1348 3294 (sic)
1366 3212 1515 3292 dedisset,
1532 3213 1663 3274 tandem

399 3318 485 3380 idem
511 3319 663 3382 dominus
688 3321 809 3405 Symon
842 3320 981 3381 eundern
1014 3319 1149 3381 fundum
1183 3319 1402 3402 supradictum
1427 3319 1567 3380 discreto
1592 3319 1662 3380 viro

399 3424 534 3486 domino
560 3426 680 3488 Mathis
705 3427 845 3508 plebano
878 3427 1011 3488 ecclesie
1043 3426 1142 3487 sancti
1168 3426 1322 3508 Stephani
1354 3425 1394 3486 de
1419 3424 1607 3508 Racchycza
1633 3439 1665 3488 et

398 3551 454 3614 per
478 3551 553 3593 eum
578 3533 643 3594 suis
667 3533 857 3615 propinquis
882 3533 1021 3594 dedisset
1040 3554 1077 3594 ac
1103 3532 1305 3615 propinasset
1328 3551 1364 3593 ac
1388 3531 1473 3607 juxta
1499 3532 1664 3593 condicio·

399 3657 471 3698 nem
496 3638 579 3701 dicte
604 3639 740 3700 civitatis
756 3641 796 3700 ab
819 3639 953 3720 antiquo
971 3640 1180 3720 approbatam
1197 3638 1507 3720 quomodocumque
1525 3638 1665 3701 voluerit

398 3744 647 3826 disponendum.

503 3852 580 3914 ltem
605 3853 680 3934 quia
704 3853 858 3914 Nicolaus
883 3853 1023 3934 agricola
1040 3851 1125 3914 filius
1149 3852 1287 3915 condam
1314 3851 1400 3914 Galli
1425 3853 1566 3934 agricole
1583 3853 1663 3916 olim

397 3960 539 4020 concivis
564 3960 682 4037 nostri,
714 3960 877 4041 quandam
911 3961 1037 4021 vineam
1070 3980 1126 4021 seu
1158 3960 1346 4042 porcionem
1378 3979 1468 4020 suam
1502 3961 1661 4022 vinealem

398 4065 655 4127 condicionalem
679 4067 711 4126 in
735 4067 896 4128 territorio
922 4067 1006 4128 dicte
1030 4067 1168 4128 civitatis
1186 4066 1268 4127 inter
1292 4065 1402 4127 vineas
1419 4065 1562 4127 virorum
1588 4084 1661 4147 pro·

397 4169 546 4231 vidorum
573 4171 723 4232 videlicet
747 4173 874 4233 Andree
898 4173 1025 4251 sutoris,
1049 4175 1089 4234 ab
1114 4193 1176 4234 una
1195 4173 1315 4235 scilicet
1333 4172 1539 4234 meridionali
1564 4185 1664 4253 parte,

398 4289 429 4337 et
464 4276 622 4358 Lodouici
661 4278 815 4340 institoris
850 4280 985 4340 senioris
1017 4279 1111 4360 jurati
1144 4294 1174 4340 et
1206 4280 1347 4341 concivis
1380 4280 1501 4359 nostri,
1533 4299 1550 4340 a
1574 4293 1665 4362 parte

397 4383 540 4464 orientis,
565 4385 727 4446 mediante
752 4385 916 4466 (decursu)
941 4405 1024 4466 aque
1048 4385 1198 4465 fluvialis,
1215 4387 1352 4468 desuper
1377 4407 1394 4447 a
1419 4386 1469 4447 via
1495 4387 1663 4448 communi

396 4500 526 4569 aparte
550 4489 736 4570 occidentis,
762 4506 792 4552 et
826 4493 908 4553 inter
931 4493 1059 4553 vineam
1094 4492 1313 4554 Bartholomei
1339 4493 1506 4571 institoris,
1532 4513 1549 4554 a
1574 4507 1663 4574 parte

396 4595 649 4674 septemtrionali
675 4597 901 4680 incipiendoa
935 4599 1074 4680 quadam
1104 4601 1218 4661 arbore
1250 4599 1339 4682 pomi
1364 4620 1382 4661 a
1407 4600 1548 4682 predicta
1573 4615 1663 4682 parte

397 4700 588 4763 occidentali
613 4703 645 4763 in
671 4703 790 4765 fossato
817 4705 923 4766 habita
948 4725 1040 4766 cruce
1065 4706 1201 4787 signata,
1235 4725 1292 4788 pto
1317 4721 1402 4768 meta
1427 4706 1543 4786 locata,
1568 4720 1598 4768 et
1622 4709 1661 4768 ab

397 4806 508 4867 eadem
533 4809 646 4871 arbore
672 4812 759 4891 pomi
785 4810 864 4871 infra
883 4812 965 4872 inter
989 4812 1070 4873 vites
1094 4833 1151 4894 per
1168 4814 1318 4876 semitam
1336 4813 1544 4896 procedendo
1561 4833 1662 4896 usque

398 4912 479 4971 viam
506 4914 668 4994 publicam
693 4936 725 4976 se
759 4917 995 4994 extendentem,
1029 4919 1131 4980 Paulo
1159 4919 1299 4981 carnifici
1319 4920 1454 4982 ¹Paulek
1489 4919 1576 4982 dicto
1603 4940 1661 5002 pro

398 5016 498 5076 tribus
521 5017 591 5080 flor.
615 5021 694 5099 auri,
719 5017 787 5082 filio
805 5021 961 5084 lobannis
983 5023 1022 5085 de
1047 5025 1123 5086 villa
1142 5025 1321 5104 Gracchan,
1340 5040 1370 5087 et
1382 5045 1440 5108 per
1464 5045 1537 5087 eum
1562 5026 1662 5109 ipsius
