3816 5802
353 483 411 546 118
879 484 967 542 Anno
989 494 1080 562 1450.

348 699 432 761 vidis
457 697 631 760 Benedicto
665 711 696 758 et
718 696 882 758 Clementi
916 696 1108 778 pellificibus
1131 716 1189 779 pro
1222 693 1407 777 quindecim
1440 695 1509 760 flor.
1543 697 1612 758 auri

350 805 567 867 vendiderunt
594 817 750 886 perpetuo
777 803 1004 885 possidendam
1022 816 1055 865 et
1071 803 1242 886 superinde
1268 815 1315 864 est
1337 803 1428 864 litera
1452 804 1511 865 sub
1535 823 1612 885 pen·

350 913 438 976 denti
467 913 573 994 sigillo
597 911 838 974 communitatis
862 924 1019 973 emanata.

452 1019 529 1080 Item
554 1017 743 1079 Valentinus
768 1016 985 1099 Seberlenych
1011 1016 1089 1078 duas
1114 1029 1218 1098 partes
1242 1017 1408 1078 cuiusdam
1433 1017 1527 1077 vinee
1552 1035 1609 1078 sue

347 1125 579 1188 condicionalis
605 1125 637 1185 iu
661 1123 823 1185 territorio
848 1125 985 1186 civitatis
1009 1124 1090 1185 inter
1122 1123 1250 1184 vineam
1275 1123 1422 1185 similiter
1446 1123 1610 1185 condicio·

345 1234 451 1295 nalem
479 1232 644 1310 Demetrii,
669 1233 710 1292 ab
733 1231 910 1308 occidente,
935 1244 966 1291 et
990 1231 1071 1292 inter
1090 1230 1216 1290 vineam
1233 1229 1370 1292 liberam
1396 1229 1521 1290 Lucasii
1547 1228 1604 1290 filii

348 1339 480 1417 Baldek,
506 1340 546 1400 ab
570 1337 693 1399 oriente
719 1336 837 1416 habite,
863 1336 1012 1398 Michaeli
1046 1336 1184 1417 agricole
1209 1335 1275 1397 filio
1310 1335 1440 1397 Thome
1466 1335 1505 1396 de
1531 1334 1611 1396 Gre-

346 1465 515 1529 guryewcz
541 1463 599 1527 pro
623 1464 677 1504 sex
693 1442 763 1505 flor.
789 1444 856 1505 auri
883 1443 1028 1507 vendidit
1051 1456 1206 1524 perpetuo
1234 1441 1461 1524 possidendas3
1478 1441 1611 1504 terciam

349 1570 425 1612 vero
451 1563 572 1633 partem
597 1551 741 1612 eiusdem
774 1551 867 1612 vinee
900 1550 1005 1611 eidem
1039 1549 1188 1611 Michaeli
1222 1549 1361 1630 agricole
1385 1568 1444 1630 pro
1469 1548 1610 1630 quadam

349 1677 405 1720 sua
430 1658 583 1738 porcione
601 1657 718 1718 vineali
736 1676 792 1739 per
810 1656 943 1718 modum
962 1656 1212 1738 permutacionis
1230 1656 1319 1717 dedit
1336 1669 1492 1737 perpetuo
1510 1657 1612 1738 possi·

349 1762 490 1826 dandam
515 1777 545 1824 et
569 1763 740 1845 superinde
766 1777 812 1824 est
839 1763 930 1824 litera
955 1764 1014 1824 sub
1044 1762 1196 1844 pendenti
1232 1762 1339 1842 sigillo
1371 1762 1613 1824 communitatis

347 1883 505 1933 emanata.

455 1976 534 2038 Item
566 1977 714 2038 Vrbanus
745 1976 887 2058 agricola
919 1975 1004 2036 filius
1035 1975 1172 2037 condam
1205 1975 1331 2038 Nicolai
1364 1975 1505 2056 agricole
1537 1974 1612 2036 dicti

349 2082 527 2167 Petrenych
552 2082 703 2144 directam
730 2096 760 2143 et
789 2081 937 2163 equalem
971 2081 1176 2143 medietatem
1209 2081 1375 2142 cuiusdam
1401 2081 1517 2142 domus
1543 2099 1612 2141 mu·

348 2203 414 2251 rate
440 2203 470 2251 et
494 2188 585 2250 fundi
603 2209 639 2248 ac
663 2186 887 2250 hedificiorum
912 2188 1046 2250 indicta
1066 2188 1193 2249 civitate
1210 2189 1291 2249 inter
1305 2187 1419 2248 domos
1445 2200 1477 2247 et
1494 2185 1613 2248 fundos

349 2296 433 2358 Petri
466 2294 587 2378 lwsych
621 2308 650 2355 et
682 2295 857 2355 liberorum
891 2293 1027 2356 condam
1060 2294 1188 2356 Thome
1221 2309 1252 2356 et
1285 2295 1439 2356 Demetrii
1472 2291 1613 2354 filiorum

350 2403 437 2464 lwan
463 2402 501 2462 de
527 2401 671 2484 Dedych,
695 2422 711 2462 a
736 2400 977 2482 septemtrione,
1003 2413 1034 2460 et
1051 2398 1184 2481 Georgii
1209 2397 1302 2478 fabri,
1327 2399 1540 2461 ameridione
1559 2397 1613 2460 ha-

349 2509 414 2570 bite
439 2521 470 2570 et
494 2507 665 2584 existentis,
691 2526 788 2568 unam
813 2506 963 2568 videlicet
988 2520 1135 2588 quartam
1152 2507 1239 2568 curie
1265 2507 1296 2568 in
1321 2526 1354 2568 se
1380 2507 1613 2585 continentem,

349 2635 422 2678 cum
447 2614 512 2675 suis
536 2613 741 2696 pertinenciis
775 2613 899 2675 Briccio
931 2613 1056 2675 literato
1097 2611 1165 2674 filio
1197 2614 1327 2696 Mathye
1352 2612 1390 2674 de
1423 2611 1532 2674 Nadas
1555 2633 1614 2694 pro

349 2720 537 2804 quindecim
562 2719 632 2780 flor.
663 2720 731 2780 auri
757 2719 904 2782 vendidit
936 2733 1093 2801 perpetuo
1125 2719 1354 2801 possidendam
1379 2733 1409 2780 et
1441 2720 1613 2802 superinde

349 2843 396 2890 est
420 2829 511 2890 litera
536 2829 595 2888 sub
619 2825 772 2908 pendenti
805 2827 912 2907 sigillo
934 2827 1174 2888 communitatis
1198 2841 1355 2888 emanata.

455 2935 533 2996 ltem
559 2931 699 3016 prefatus
723 2933 872 2995 Vrbanus
905 2933 1045 3013 agricola
1079 2931 1164 2994 filius
1189 2933 1289 3014 ipsius
1322 2933 1447 2994 Nicolai
1473 2932 1614 3014 agricole

351 3040 425 3103 dicti
452 3040 628 3123 Petrenych
655 3039 807 3100 directam
832 3054 863 3100 et
885 3038 1038 3121 'equalem
1074 3039 1277 3100 medietatem
1313 3039 1478 3101 cuiusdam
1504 3039 1624 3121 (hlorti

350 3161 381 3207 et
404 3147 496 3206 vinee
522 3147 625 3207 eidem
652 3145 790 3227 desuper
821 3145 1006 3226 adjacentis,
1038 3147 1070 3205 in
1102 3145 1263 3207 territorio
1296 3146 1432 3207 civitatis
1466 3159 1551 3206 extra
1584 3161 1614 3208 et

351 3265 435 3313 retro
461 3272 569 3313 muros
586 3251 722 3313 civitatis
738 3251 891 3333 predicte,
909 3253 990 3312 inter
1007 3252 1103 3313 aliam
1122 3252 1275 3314 directam
1294 3252 1442 3314 similiter
1468 3267 1499 3315 et
1515 3272 1613 3333 equa·

350 3359 413 3420 lem
440 3358 643 3420 medietatem
669 3357 813 3419 eiusdem
839 3357 948 3438 (hlorti
971 3371 1001 3418 et
1034 3359 1138 3437 vinee,
1164 3359 1245 3420 inter
1277 3359 1466 3440 porcionem
1489 3358 1612 3419 scilicet

351 3466 483 3527 domine
508 3465 697 3546 Magdalene
723 3481 752 3527 et
778 3466 858 3526 inter
890 3465 1017 3526 vineam
1043 3479 1074 3526 et
1098 3464 1253 3547 (hlortutn
1285 3465 1442 3528 Anthonii
1477 3466 1609 3527 Plezecz

351 3572 427 3633 dicti
451 3572 603 3650 habitam,
629 3572 751 3653 prefato
773 3573 895 3633 Briccio
912 3573 1037 3634 literato
1055 3592 1112 3654 pro
1137 3586 1258 3654 septem
1278 3573 1347 3635 flor.
1372 3573 1441 3634 auri
1465 3573 1612 3635 vendidit

352 3692 508 3760 perpetuo
532 3677 758 3760 possidendam
784 3693 814 3739 et
838 3680 1009 3762 superinde
1043 3693 1089 3740 est
1121 3680 1212 3741 litera
1244 3682 1303 3742 sub
1329 3679 1481 3762 pendenti
1507 3679 1616 3761 sigillo

352 3785 591 3846 communitatis
612 3798 768 3848 emanata.

458 3891 536 3952 ltem
562 3891 682 3975 Symon
696 3907 785 3952 sutor
810 3891 895 3953 filius
912 3893 1001 3954 Pauli
1020 3894 1059 3956 de
1079 3894 1213 3956 Raboch
1230 3894 1386 3957 directam
1411 3909 1442 3956 et
1467 3895 1616 3975 equalem

352 3998 557 4060 medietatem
591 3999 757 4059 cuiusdam
792 3997 884 4060 fundi
916 4001 964 4060 sui
998 4000 1029 4060 in
1065 4000 1148 4062 dicta
1181 4001 1308 4062 civitate
1341 4001 1424 4062 inter
1448 4002 1562 4062 domos
1587 4016 1619 4064 et

353 4106 457 4166 curias
481 4104 656 4165 liberorum
681 4105 819 4166 condam
844 4106 959 4188 judicis
993 4106 1069 4167 dicti
1102 4108 1193 4186 Bole,
1217 4127 1234 4168 a
1261 4107 1452 4186 meridione,
1477 4122 1507 4168 et
1531 4109 1617 4168 simi·

354 4212 426 4274 liter
450 4211 627 4272 liberorum
653 4211 791 4273 condam
810 4213 920 4274 Jacobi
945 4213 1060 4295 judicis
1077 4227 1107 4276 et
1133 4213 1261 4295 providi
1284 4213 1343 4275 viri
1369 4213 1524 4275 lobannis
1542 4215 1616 4275 dicti

355 4319 468 4396 lanko,
493 4319 531 4378 ab
557 4317 735 4396 occidente,
768 4337 803 4378 ac
839 4319 920 4379 inter
952 4320 1048 4381 aliam
1081 4320 1234 4381 directam
1261 4334 1291 4382 et
1323 4320 1471 4401 equalem
1498 4319 1616 4382 medie*

354 4435 451 4484 tatem
477 4423 621 4483 eiusdem
653 4422 744 4484 fundi
776 4425 808 4485 in
842 4443 904 4505 qua
937 4425 1090 4487 celarium
1125 4423 1207 4486 foret
1240 4425 1391 4487 effossum
1424 4445 1481 4508 per
1512 4427 1617 4508 ipsum

357 4528 531 4610 Symonem
557 4543 698 4589 sutorem
725 4549 782 4610 pro
796 4551 828 4591 se
847 4544 1049 4609 reservatam,
1074 4551 1171 4592 unam
1190 4533 1341 4594 videlicet
1365 4546 1512 4614 quartam
1530 4533 1616 4594 curie

356 4635 387 4694 in
413 4655 445 4695 se
470 4636 701 4714 continentem,
733 4657 806 4697 curn
838 4637 903 4698 suis
938 4637 1130 4699 utilitatibus
1161 4653 1191 4700 et
1223 4640 1429 4720 pertinenciis
1461 4639 1617 4701 universis

357 4740 518 4803 Clementi
544 4744 643 4802 sutori
662 4741 729 4804 filio
747 4741 895 4825 Gregorii
914 4745 952 4804 de
972 4743 1171 4826 Hraschyna,
1192 4759 1226 4808 ut
1242 4766 1329 4808 novo
1354 4747 1478 4808 concivi
1496 4761 1617 4825 nostro,

356 4848 479 4907 sororio
503 4866 579 4908 vero
603 4868 672 4928 suo,
706 4849 838 4911 donavit
870 4864 1025 4932 perpetuo
1057 4852 1287 4933 possidendam
1319 4865 1350 4913 et
1373 4853 1545 4934 superinde
1571 4865 1618 4914 est

356 4949 445 5012 litera
470 4953 528 5014 sub
553 4953 705 5036 pendenti
730 4955 838 5037 sigillo
863 4957 1105 5019 communitatis
1130 4973 1288 5020 emanata.
