3816 5802
912 533 1115 621 Anno'1446.

498 755 574 817 Item
600 755 761 816 Fabianus
771 755 913 817 literatus
931 769 962 818 et
987 755 1167 817 Demetrius
1192 753 1330 835 agricola
1356 754 1479 835 pridem
1505 753 1596 834 jurati
1625 767 1656 814 et

391 863 538 924 concives
555 863 666 941 nostri,
679 875 796 924 rectam
810 874 841 924 et
853 863 1001 944 equalem
1013 863 1217 923 medietatem
1236 861 1401 922 cuiusdam
1411 861 1521 942 (h)0rti
1539 879 1649 932 eorum

392 983 478 1030 extra
502 969 628 1029 Novam
654 981 779 1049 portam
804 968 940 1031 civitatis
964 967 1085 1050 prefate
1107 969 1188 1030 inter
1211 968 1309 1029 aliurn
1335 967 1488 1048 (h)0rtum
1507 968 1651 1030 eiusdem

392 1075 524 1138 Fabiani
551 1074 678 1152 literati,
702 1095 719 1135 a
744 1089 833 1156 parte
851 1075 1067 1154 meridionali,
1085 1089 1116 1137 et
1133 1076 1216 1136 inter
1236 1073 1390 1157 (h)0rtum
1410 1073 1543 1156 Georgii
1560 1075 1652 1137 sella·

391 1184 479 1260 toris,
504 1185 564 1244 sub
588 1182 682 1244 metis
706 1181 738 1242 in
763 1181 853 1244 litera
872 1182 1041 1260 contentis,
1058 1181 1224 1243 Anthonio
1247 1183 1391 1263 arcupari
1416 1179 1484 1243 filio
1510 1182 1592 1244 lwau
1610 1181 1651 1244 de

393 1289 506 1350 Zethsa
545 1309 602 1370 pro
638 1301 758 1370 septem
796 1287 864 1351 flor.
897 1288 965 1350 auri
991 1288 1205 1350 vendiderunt
1237 1301 1392 1370 perpetuo
1425 1289 1652 1372 possidendam

393 1409 424 1458 et
445 1395 617 1478 superinde
641 1409 687 1457 est
711 1396 802 1458 litera
825 1396 884 1457 sub
913 1395 1066 1477 pendenti
1091 1395 1198 1476 sigillo
1224 1396 1465 1457 communitatis
1489 1411 1654 1473 emanata;

392 1521 455 1584 que
480 1502 634 1564 medietas
658 1500 768 1583 (h)0rti
793 1521 890 1564 unam
926 1514 1073 1583 quartam
1109 1501 1196 1563 curie
1230 1501 1373 1564 continet
1400 1503 1441 1563 ad
1466 1521 1559 1564 usum
1583 1502 1658 1564 civi·

392 1609 467 1671 tatis
491 1607 622 1691 prefate.

498 1715 576 1777 ltem
602 1715 733 1776 domina
761 1715 934 1777 Scolsstica
960 1714 1067 1776 relicta
1092 1715 1229 1776 condam
1256 1715 1340 1776 Petri
1365 1715 1458 1794 jurati
1484 1714 1560 1776 dicti
1579 1715 1660 1776 Pero

394 1821 451 1884 filii
477 1822 561 1884 Petri
587 1821 720 1904 Saphar,
738 1823 769 1882 in
794 1841 850 1882 sua
874 1835 906 1884 et
923 1820 1055 1902 Georgii
1081 1841 1119 1882 ac
1135 1821 1290 1883 lobannis
1314 1837 1345 1884 et
1370 1820 1499 1883 Andree
1516 1820 1655 1883 filiorum

393 1943 424 1991 et
448 1929 622 1990 Katherine
645 1926 710 1990 filie
736 1927 849 2010 prefati
867 1927 1004 1989 condam
1030 1928 1110 1989 Pero
1135 1927 1228 2009 jurati
1260 1929 1415 2010 personis,
1433 1947 1516 1990 onus
1540 1943 1570 1988 er
1586 1947 1655 2009 gra-

392 2055 509 2098 vamen
535 2036 724 2097 eorumdem
742 2054 915 2118 puerorum
940 2053 1074 2096 suorum
1099 2035 1130 2096 in
1148 2054 1181 2095 se
1206 2035 1307 2116 ipsam
1337 2049 1451 2115 sponte
1476 2054 1531 2116 per
1550 2033 1658 2095 omnia

393 2142 599 2221 assumendo,
630 2141 793 2224 quandam
826 2140 961 2203 domurn
994 2159 1106 2203 eorum
1140 2154 1296 2202 muratam
1328 2141 1425 2202 simul
1454 2159 1526 2202 curn
1559 2138 1659 2202 fundo

393 2249 497 2310 eidem
524 2247 635 2310 domui
660 2249 719 2309 sub
744 2261 775 2308 et
798 2247 956 2329 adjacenti
980 2267 1016 2308 ac
1041 2247 1223 2328 pertinenti,
1248 2247 1383 2308 indicta
1408 2247 1534 2308 civitate
1559 2246 1590 2307 in
1608 2245 1654 2307 vi-

394 2355 522 2416 cinitate
547 2355 720 2416 domorum
745 2369 776 2415 et
800 2353 975 2416 fundorum
1000 2354 1137 2414 aliorum
1171 2353 1359 2414 eorumdem
1393 2352 1525 2414 domine
1550 2351 1658 2415 Scola-

393 2463 470 2524 stice
495 2475 526 2524 et
549 2481 724 2544 puerorum
742 2479 887 2539 suorum,
911 2481 929 2522 a
947 2460 1138 2538 meridione,
1156 2474 1186 2520 et
1210 2459 1306 2520 Blasii
1324 2459 1450 2539 judicis,
1468 2461 1507 2520 ab
1524 2458 1659 2536 oriente,

394 2587 542 2629 necnon
569 2569 651 2630 iuter
676 2567 756 2628 duas
786 2567 855 2628 vias
879 2585 934 2628 seu
967 2565 1089 2649 plateas
1121 2585 1310 2627 communes
1341 2566 1494 2644 habitam,
1519 2564 1658 2626 mediam

394 2674 515 2736 curiam
540 2675 580 2736 ad
605 2693 698 2736 usum
724 2673 861 2735 civitatis
886 2672 1027 2754 predicte
1053 2673 1084 2733 in
1110 2691 1142 2733 se
1167 2673 1398 2749 continentem,
1424 2670 1568 2754 predicto
1593 2675 1659 2732 An·

393 2781 508 2843 thonio
532 2781 677 2864 arcupari
703 2779 828 2842 concivi
853 2791 963 2841 nostro
995 2799 1054 2860 pro
1078 2779 1191 2861 viginti
1224 2778 1293 2841 flor.
1319 2779 1387 2840 auri
1420 2777 1565 2840 vendidit
1589 2797 1660 2859 per-

395 2900 494 2970 petuo
518 2887 746 2968 possidendam
772 2899 803 2948 et
826 2885 998 2968 superinde
1015 2899 1062 2947 est
1077 2885 1168 2947 litera
1193 2887 1253 2947 sub
1270 2885 1423 2968 pendenti
1447 2885 1555 2965 sigillo
1570 2902 1659 2946 com·

396 2993 561 3056 munitatis
577 3007 734 3056 emanata.

478 3196 560 3268 ltem
589 3197 730 3268 sabbato
768 3197 922 3286 proximo
961 3203 1037 3284 pust
1068 3195 1190 3267 festum
1228 3193 1461 3267 conversionis
1489 3196 1578 3266 beati

884 3320 979 3392 Pauli
1010 3321 1164 3409 aposloli.

912 3478 977 3555 (29.
993 3476 1158 3552 januaria).

502 3595 580 3659 ltem
606 3595 809 3675 Benedictus,
836 3596 958 3680 Symon
992 3611 1022 3658 et
1047 3596 1224 3678 Gregorius
1247 3595 1305 3659 filii
1338 3597 1476 3658 condam
1502 3597 1660 3658 Demetrii

397 3702 437 3764 de
462 3702 658 3764 Rethkowcz
681 3701 741 3764 filii
765 3703 861 3782 Petri,
879 3723 914 3764 ac
938 3703 1072 3784 provida
1099 3704 1215 3765 mulier
1233 3703 1333 3765 Elena
1358 3718 1469 3766 vocata
1499 3717 1659 3786 postrema

399 3827 477 3869 uxor
501 3807 657 3888 legittima
683 3809 782 3890 ipsius
806 3808 973 3888 Demetrii,
996 3810 1028 3870 in
1053 3811 1196 3892 ipsorum
1215 3825 1245 3870 et
1269 3810 1383 3872 Vrsule
1409 3811 1505 3872 unius
1529 3823 1560 3872 et
1583 3809 1660 3872 alte-

397 3913 462 3974 rius
486 3913 600 3975 Vrsule
624 3933 660 3975 ac
687 3913 862 3997 Elyzabetb
895 3914 1033 3977 filiarum
1066 3915 1179 3998 prefati
1206 3917 1362 3979 Demetrii
1395 3917 1558 3999 personis;
1583 3917 1660 3979 item

398 4019 498 4080 eciam
525 4020 665 4082 Briccius
688 4034 720 4082 et
744 4019 921 4102 Gregorius
953 4021 1037 4083 filius
1060 4023 1180 4083 Vrbani
1215 4021 1273 4084 filii
1297 4022 1410 4104 prefati
1437 4023 1532 4102 Petri,
1557 4021 1661 4085 fratris

398 4145 475 4187 vero
498 4126 615 4187 uterini
638 4140 669 4188 et
693 4127 829 4188 carnalis
861 4127 960 4209 ipsius
986 4129 1152 4207 Demetrii,
1184 4130 1332 4192 similiter
1356 4131 1387 4190 in
1421 4130 1564 4212 ipsorum
1590 4149 1660 4211 per·

397 4231 484 4292 sonis
508 4231 659 4293 directam
690 4247 720 4293 et
736 4234 883 4315 equalem
902 4235 1121 4312 medietatem,
1150 4250 1271 4317 partem
1293 4236 1444 4297 videlicet
1467 4237 1659 4298 anteriorem

398 4337 563 4398 cuiusdam
597 4337 713 4398 domus
744 4352 868 4400 murare
900 4353 931 4400 et
962 4339 1053 4401 fundi
1085 4360 1120 4402 ac
1153 4339 1375 4402 hedificiorum
1409 4341 1515 4402 eidem
1548 4343 1662 4403 subet

400 4442 675 4524 superjacencium
712 4444 743 4505 in
769 4445 852 4506 dicta
877 4447 1005 4508 civitate
1031 4447 1112 4507 inter
1144 4447 1278 4508 domum
1304 4447 1445 4528 ligneam
1469 4461 1501 4510 ct
1525 4446 1660 4510 fundum

399 4548 575 4610 liberorum
600 4549 736 4610 condam
764 4549 860 4612 Blasii
887 4551 1016 4637 llichky,
1041 4553 1267 4631 ameridione,
1293 4573 1350 4615 nec
1375 4574 1440 4615 nou
1466 4555 1548 4616 inter
1565 4555 1660 4616 aliam

400 4654 554 4716 directam
578 4671 608 4716 et
633 4656 781 4736 equalem
808 4658 1014 4720 medietatem
1047 4659 1191 4721 eiusdem
1224 4659 1341 4720 domus
1366 4673 1489 4722 murata
1514 4675 1545 4722 et
1570 4659 1660 4722 fundi

400 4780 435 4821 ac
460 4760 694 4840 hedificiorum,
719 4763 907 4843 porcionem
937 4765 1086 4827 videlicet
1111 4765 1240 4848 Mathye
1275 4766 1428 4846 habitam,
1454 4787 1549 4828 unam
1576 4780 1660 4829 octa·

400 4885 471 4926 vam
497 4867 582 4928 curie
608 4868 640 4928 in
665 4888 696 4928 se
722 4869 953 4948 continentem,
979 4891 1049 4931 cum
1076 4873 1140 4932 suis
1164 4873 1370 4954 pertinenciis
1396 4874 1535 4935 Martino
1564 4873 1661 4955 judici

400 4969 467 5032 lilio
492 4972 620 5034 Thome
646 4992 703 5054 pro
720 4974 889 5036 duodecim
916 4975 985 5038 flor.
1003 4978 1071 5037 auri
1089 4978 1234 5040 vendidit
1250 4993 1406 5061 perpetuo
1433 4980 1660 5062 possidendam

402 5089 433 5138 et
456 5078 626 5158 superinde
651 5091 698 5140 est
721 5079 810 5141 litera
835 5085 893 5142 sub
918 5083 1071 5163 pendenti
1101 5084 1207 5165 sigillo
1240 5087 1480 5149 communitatis
1505 5101 1661 5150 emanata.
