3832 5804
786 551 870 607 Anno
892 560 982 626 1452.
1460 568 1468 608 r
1479 567 1515 628 35

252 765 338 826 tibus
357 779 388 824 et
404 761 611 844 pertinenciis
625 761 781 822 universis
794 763 898 843 probo
916 760 1024 841 juveni
1043 761 1199 846 Dyonisio
1216 781 1336 842 genero
1353 778 1384 823 et
1402 763 1517 846 Elyza·

252 870 328 932 beth
351 869 415 931 filie
439 869 515 948 suis,
540 887 599 951 pro
631 868 786 950 porcione
818 867 1011 930 hereditaria
1043 867 1144 949 ipsius
1169 867 1346 950 Elyzabetb
1372 869 1516 950 ipsama

252 977 396 1059 predicto
421 974 574 1056 magistro
609 973 739 1037 Matheo
774 987 862 1058 patre
886 993 945 1036 suo
978 975 1098 1036 carnali
1123 987 1153 1036 et
1187 974 1360 1038 adomina
1392 975 1517 1058 Agatha

254 1098 353 1145 matre
377 1102 433 1144 sua
458 1082 527 1162 jure
551 1080 746 1143 hereditario
765 1095 978 1143 concernente
1002 1081 1091 1143 dedit
1115 1096 1271 1166 perpetuo
1288 1082 1516 1164 possidendam

252 1205 282 1252 et
313 1189 486 1272 superinde
518 1203 565 1250 est
587 1188 680 1250 litera
704 1189 763 1250 sub
788 1188 940 1272 pendenti
966 1189 1072 1270 sigillo
1095 1190 1335 1252 communitatis
1359 1205 1515 1254 emanata.

358 1295 436 1358 ltem
455 1294 615 1376 Georgius
639 1293 879 1356 molendinator
903 1309 934 1357 et
954 1295 1172 1377 carpentarius
1195 1295 1280 1366 filius
1298 1296 1394 1358 Blasii
1412 1316 1513 1378 quen·

252 1403 326 1463 dam
350 1399 487 1463 fundum
511 1421 606 1462 suum
633 1401 728 1462 simul
755 1421 827 1462 cum
854 1401 1043 1462 molendino
1069 1415 1099 1462 et
1123 1401 1275 1464 domibus
1299 1422 1334 1464 ac
1359 1400 1516 1464 hedificiis

252 1509 372 1570 ibidem
397 1508 515 1570 habitis
539 1509 571 1570 in
596 1509 752 1569 suburbio
777 1508 913 1570 civitatis
945 1507 1066 1590 prefate
1099 1509 1181 1570 inter
1211 1507 1345 1570 fluvium
1371 1523 1515 1571 nostrum

254 1615 405 1678 metalem
430 1629 461 1676 et
492 1614 560 1676 vias
593 1633 782 1676 communes
813 1614 970 1693 habiturn,
1004 1614 1140 1676 domino
1174 1614 1316 1677 Seboldo
1347 1615 1514 1698 capitaneo

252 1736 361 1784 nostro
385 1721 543 1785 moderno
569 1741 628 1804 pro
663 1721 795 1803 triginta
827 1735 967 1802 quatuor
1000 1720 1069 1784 flor.
1094 1722 1162 1782 auri
1194 1721 1340 1784 vendidit
1360 1735 1515 1804 perpetuo

254 1829 504 1911 possidendum
529 1841 560 1890 et
584 1828 685 1890 Elena
720 1829 836 1889 mulier
868 1827 976 1889 relicta
1009 1847 1044 1890 ac
1070 1828 1231 1890 Barnabas
1262 1826 1346 1890 filius
1376 1829 1514 1892 condam

252 1937 381 1999 Thome
406 1935 531 2017 Dragos
555 1935 632 1997 dicti
657 1935 690 1996 in
724 1935 868 2017 ipsorum
900 1949 931 1997 et
956 1934 1118 1996 Valentini
1151 1954 1186 1996 ac
1211 1933 1345 2016 Georgii
1370 1933 1512 1997 filiorum

252 2043 350 2125 ipsius
373 2041 511 2104 condam
537 2039 667 2102 Thome
693 2040 816 2120 Dragos
840 2040 985 2122 personis
1009 2060 1092 2102 onus
1115 2055 1147 2103 et
1169 2061 1342 2122 gravamen
1367 2042 1510 2124 ipsorum

251 2149 281 2210 in
307 2149 451 2231 seipsos
482 2161 596 2230 sponte
627 2167 683 2230 per
713 2147 822 2209 omnia
854 2148 1060 2226 assumendo,
1092 2167 1192 2210 unum
1225 2145 1361 2210 fundum
1400 2167 1511 2210 eorum

251 2255 371 2318 ibidem
398 2274 507 2338 penes,
531 2254 627 2316 simul
652 2273 725 2316 cum
750 2253 849 2317 domo
874 2268 905 2316 et
937 2253 1093 2316 hedificiis
1117 2255 1149 2316 in
1174 2253 1363 2334 cohibitis,
1388 2269 1418 2316 et
1442 2255 1513 2316 aliis

251 2363 315 2424 suis
327 2361 535 2444 pertinenciis
552 2361 658 2423 eidem
675 2360 809 2422 domino
826 2361 969 2422 Seboldo
983 2361 1152 2444 capitaneo
1166 2375 1275 2424 nostro
1293 2381 1351 2442 pro
1368 2361 1513 2444 quinque

249 2467 330 2533 flor.
344 2468 412 2530 auri
436 2467 651 2530 vendiderunt
667 2481 825 2550 perpetuo
842 2467 1087 2550 possidendum,
1105 2487 1186 2549 quos
1204 2468 1285 2529 duos
1305 2466 1423 2529 fundos
1439 2487 1511 2530 cum

251 2575 441 2637 molendino
467 2589 498 2636 et
521 2575 673 2636 domibus
697 2575 818 2636 ibidem
843 2574 960 2635 habitis
984 2573 1108 2656 prelato
1133 2574 1268 2636 domino
1293 2574 1436 2637 Seboldo
1460 2595 1511 2636 ca·

250 2683 381 2765 pitanen
404 2682 444 2744 ad
469 2683 641 2744 instantem
661 2681 760 2763 ipsius
784 2681 978 2762 peticionem
996 2700 1054 2762 pro
1079 2681 1172 2742 certis
1190 2694 1221 2743 et
1244 2681 1391 2763 plurimis
1415 2682 1511 2744 bene·

252 2787 332 2851 ficiis
357 2788 422 2850 suis
445 2807 502 2871 per
526 2787 630 2870 ipsum
665 2787 759 2849 nobis
783 2787 925 2870 inpensis
956 2801 986 2849 et
1012 2787 1044 2848 in
1069 2785 1211 2848 futurum
1236 2785 1449 2869 inpendendis
1471 2789 1511 2848 ab

252 2895 341 2958 omni
366 2913 463 2957 censu
488 2909 519 2956 et
542 2894 692 2956 civilitate
725 2894 902 2956 eximentes
926 2908 956 2956 et
980 2894 1164 2956 libertantes
1188 2893 1288 2956 literis
1312 2893 1428 2956 nostris
1452 2913 1508 2956 no-

251 3002 298 3063 vis
314 3001 571 3085 privilegialibus
587 3001 690 3062 libero
716 3000 815 3062 modo
842 3000 1012 3062 statuimus
1029 3013 1059 3061 et
1075 2997 1337 3062 confirmavimus
1353 3013 1510 3083 perpetuo

248 3109 462 3191 possidendos
485 3107 571 3190 juxta
596 3107 822 3170 condicionem
847 3122 878 3168 et
902 3107 1081 3169 libertatem
1108 3106 1244 3168 civitatis
1275 3119 1443 3188 prenotate
1468 3108 1508 3169 ab

248 3215 384 3298 antiquo
408 3215 650 3298 privilegialiter
674 3215 895 3297 approbatam.

354 3323 433 3385 ltem
458 3321 598 3403 quedam
624 3321 717 3384 vinea
749 3341 821 3400 cum
854 3319 973 3402 (b)orto
997 3319 1058 3381 sibi
1089 3319 1267 3400 subjacenti
1292 3319 1324 3381 in
1349 3320 1509 3382 territorio

247 3429 384 3490 civitatis
408 3447 482 3490 cum
506 3441 606 3510 ponte
631 3441 661 3489 et
677 3427 727 3489 via
753 3425 891 3489 curruali
918 3440 949 3488 et
964 3425 1104 3508 pedestri
1126 3426 1166 3487 ad
1191 3427 1293 3508 ipsam
1318 3426 1509 3508 pertinente,

247 3555 310 3617 que
334 3535 473 3598 condam
498 3534 662 3596 Valentini
689 3531 936 3616 Mungyacbych
969 3531 1141 3614 prefuerat,
1174 3532 1206 3593 in
1231 3532 1393 3594 vicinitate
1416 3533 1508 3594 vinee

246 3642 424 3704 liberorum
450 3641 587 3703 condam
611 3639 774 3702 Valentini
808 3639 847 3700 de
879 3639 1012 3701 Raboch
1044 3653 1074 3700 et
1106 3637 1273 3721 hospitalis
1298 3639 1397 3700 nostri
1422 3659 1508 3702 com-

246 3749 354 3810 munis
378 3747 497 3826 habita,
521 3768 557 3810 ac
581 3748 693 3810 eadem
719 3747 813 3808 vinea
836 3745 898 3807 alia
922 3745 1069 3806 vicinalis
1098 3743 1219 3806 ibidem
1243 3765 1342 3827 penes
1365 3746 1446 3808 inter
1463 3747 1508 3807 vi·

246 3873 340 3916 neam
366 3867 397 3916 et
421 3851 575 3936 (b)ortum
601 3853 685 3915 Petri
704 3851 823 3938 lwsych
848 3852 968 3930 habita,
985 3851 1135 3934 hospitali
1161 3865 1270 3913 nostro
1294 3852 1458 3913 communi
1475 3853 1508 3913 in

245 3961 372 4022 civitate
397 3960 538 4042 predicta
564 3959 673 4022 habito
690 3974 722 4022 et
745 3959 860 4020 rectori
878 3958 977 4041 ipsius
1002 3977 1059 4039 pro
1076 3970 1222 4038 tempore
1243 3957 1417 4020 constituto
1434 3971 1508 4020 sunt

245 4067 489 4150 privilegialiter
529 4065 716 4129 confirmate
749 4080 780 4128 et
811 4079 926 4126 statute
958 4077 1113 4146 perpetuo
1145 4063 1338 4144 possidende
1372 4064 1430 4125 sub
1467 4063 1508 4126 si·

245 4175 326 4258 gillo
351 4173 602 4237 communitatis.

352 4281 430 4342 Item
455 4281 559 4343 Bensa
582 4277 670 4342 filius
694 4293 725 4341 et
742 4284 851 4360 Agnes
875 4277 984 4339 relicta
1003 4277 1141 4338 condam
1166 4277 1258 4338 Pauli
1283 4273 1507 4360 Zydowchych

245 4387 411 4470 quoddam
435 4385 534 4449 fenile
559 4406 671 4450 eorurn
697 4385 729 4447 in
762 4403 877 4467 campo
902 4384 1040 4446 civitatis
1071 4383 1212 4465 predicte
1238 4382 1394 4461 habitum,
1419 4382 1508 4464 quod

244 4496 380 4557 condam
407 4495 509 4579 Frycz
525 4494 629 4576 jurato
654 4491 781 4576 prefuit,
800 4491 875 4575 ipsis
899 4511 955 4573 per
977 4491 1116 4553 eundem
1135 4491 1236 4573 Frycz
1259 4490 1398 4572 juratum
1414 4503 1509 4552 testa-

244 4602 427 4664 mentaliter
450 4601 604 4683 legatum,
630 4600 764 4662 domino
789 4598 950 4661 Clementi
968 4598 1145 4680 presbitero
1167 4597 1281 4659 rectori
1304 4596 1460 4658 moderno
1478 4611 1509 4659 et

243 4709 397 4790 magistro
413 4707 580 4790 hospitalis
598 4707 697 4768 nostri
715 4705 897 4767 communis
914 4706 945 4765 in
964 4705 1189 4766 concambium
1215 4703 1381 4765 cuiusdam
1399 4703 1507 4786 (b)orti

244 4815 292 4876 sui
317 4813 350 4876 in
376 4813 538 4876 territorio
562 4813 698 4875 civitatis
722 4812 864 4894 predicte
889 4810 1000 4889 habiti,
1018 4831 1074 4892 per
1099 4810 1233 4871 modum
1258 4809 1508 4892 permutacionis

244 4920 404 4982 dederunt
426 4935 583 5002 perpetuo
607 4919 838 5002 possidendum
864 4932 894 4980 et
926 4917 1097 4999 superinde
1130 4931 1204 4978 sunt
1232 4917 1322 4977 litere
1347 4918 1405 4978 sub
1430 4936 1507 4998 pen·

244 5026 332 5090 denti
358 5025 466 5108 sigillo
491 5025 731 5089 communitatis
759 5039 916 5086 emanare.
