3854 5798
812 533 899 592 Anno
921 535 1015 612 1464.
1483 557 1543 620 243

282 767 355 810 eum
380 747 446 810 suls
470 746 643 808 heredibus
667 765 725 828 pro
751 745 925 808 duodecim
951 744 1020 807 flor.
1045 745 1113 806 auri
1139 760 1169 808 et
1198 765 1256 827 pro
1281 767 1345 808 uno
1370 769 1445 830 pare
1470 751 1545 812 cali·

281 875 395 938 garum
420 854 628 918 vendidisset.

390 961 488 1036 Quod
513 961 588 1042 quia
613 959 748 1042 provida
780 959 896 1021 mulier
921 959 1022 1021 Elena
1057 973 1168 1022 vocata
1200 960 1310 1023 relicta
1335 961 1472 1024 condam
1485 963 1546 1026 si-

283 1070 389 1132 monis
413 1069 480 1131 coci
503 1069 582 1129 olim
607 1067 749 1130 concivis
774 1067 886 1146 nostri,
911 1066 1051 1128 concivis
1073 1081 1191 1144 nostra,
1215 1068 1361 1132 vendidit
1384 1071 1544 1151 quandam

284 1178 418 1239 domum
443 1195 534 1237 suam
559 1188 589 1236 et
615 1173 792 1256 Elyzabeth
826 1171 890 1234 filie
915 1193 971 1235 sue
996 1193 1068 1235 cum
1102 1174 1226 1256 prelato
1251 1176 1389 1236 condam
1414 1176 1547 1240 Simone

284 1305 363 1347 coco
387 1297 563 1367 procreate,
589 1281 724 1343 indicta
750 1281 877 1343 civitate
896 1281 977 1343 inter
998 1281 1113 1342 domos
1131 1294 1162 1342 et
1187 1279 1304 1343 fundos
1328 1302 1547 1345 successorum

284 1407 315 1455 ct
338 1392 514 1454 liberorum
532 1387 669 1450 condam
695 1387 851 1449 lobannis
867 1387 996 1449 sartoris
1020 1385 1077 1448 filii
1096 1387 1250 1470 Stephani
1275 1390 1384 1470 generi
1410 1390 1548 1452 condam

285 1498 449 1562 Benedicti
475 1496 552 1558 dicti
577 1493 775 1576 Wenthych‚
799 1495 839 1555 ab
857 1513 920 1555 una
946 1514 962 1555 a
988 1494 1193 1556 meridionali
1219 1510 1319 1577 parte,
1344 1510 1375 1558 et
1399 1497 1548 1580 Dyonisii

285 1605 438 1667 institoris
462 1603 519 1665 lllll
553 1601 691 1664 condam
725 1600 857 1681 Georgii
896 1621 913 1662 a
944 1601 1199 1683 septemtrionali
1231 1617 1318 1684 parte
1352 1602 1493 1666 habitam
1518 1619 1549 1667 et

285 1713 445 1789 situatam,
469 1707 565 1770 simul
597 1727 670 1770 cum
704 1707 847 1788 quodam
879 1707 987 1789 spacio
1020 1721 1102 1769 terte
1134 1727 1232 1790 penes
1264 1708 1382 1772 dictam
1414 1711 1548 1772 domum

285 1831 441 1880 muratam
467 1817 499 1878 in
533 1813 778 1896 longitudinea
810 1813 862 1874 via
895 1814 1060 1874 communi
1085 1827 1116 1874 et
1147 1833 1248 1896 usque
1278 1815 1317 1876 ad
1343 1815 1438 1877 aliam
1463 1801 1563 1878 viam¹

285 1942 492 1987 communem
517 1935 614 2005 prout
637 1940 670 1982 se
703 1920 786 1982 dicta
818 1920 935 1981 domus
967 1934 998 1981 et
1022 1917 1142 1982 lundus
1173 1921 1361 2000 extendunt,
1387 1923 1419 1983 in
1443 1922 1548 1986 latitu-

286 2032 360 2094 dine
384 2050 501 2093 veroa
536 2047 630 2090 muro
663 2028 761 2110 ipsius
793 2025 909 2088 domus
942 2041 1066 2089 mutate
1091 2040 1122 2088 et
1153 2047 1255 2109 usque
1289 2027 1426 2091 fundum
1452 2029 1562 2112 ipsiusv

286 2137 433 2221 Dyonisii
460 2135 615 2198 institoris
638 2154 670 2195 se
696 2133 939 2213 extendentem,
972 2135 1116 2217 quinque
1148 2135 1276 2197 brachia
1312 2134 1413 2198 ferrea
1450 2136 1481 2197 in
1516 2157 1565 2203 se.

286 2245 516 2322 continentem,
538 2241 679 2304 mediam
704 2241 825 2302 curiam
850 2253 881 2302 et
901 2253 1047 2302 octavam
1072 2256 1193 2323 partem
1219 2242 1304 2303 curie
1329 2242 1492 2324 integralis
1517 2243 1549 2304 in

286 2373 320 2415 se
343 2351 531 2430 habentem,
556 2348 692 2432 provido
716 2348 785 2409 viro
811 2346 907 2409 Gallo
925 2348 1038 2410 sartori
1063 2346 1131 2410 filio
1155 2349 1318 2410 Valentini
1343 2349 1419 2411 dicti
1444 2350 1550 2411 Bobe-

287 2459 359 2545 lych
383 2459 424 2520 de
447 2457 551 2539 Vgra,
587 2471 622 2518 ut
656 2455 718 2536 jam
751 2474 837 2516 novo
869 2455 995 2517 concivi
1027 2469 1155 2534 nostro,
1188 2475 1223 2516 ac
1255 2475 1312 2538 per
1345 2475 1419 2516 eum
1452 2456 1550 2537 ipsius

287 2565 459 2627 heredibus
490 2581 548 2646 pro
584 2575 723 2644 quatuor
758 2560 827 2624 flor.
858 2561 927 2622 auri
959 2581 996 2622 ac
1028 2561 1173 2643 quinque
1205 2561 1311 2644 pensis
1343 2561 1549 2624 denariorum

288 2670 520 2734 viennensium
546 2669 754 2730 vendidisset.

394 2776 493 2850 Quod
517 2776 593 2856 quia
612 2775 658 2836 vir
675 2773 828 2857 providus
846 2771 1006 2854 Georgius
1023 2772 1107 2834 filius
1126 2774 1206 2859 Elye
1231 2775 1269 2836 de
1283 2775 1360 2837 villa
1380 2775 1551 2858 Popowcz,

289 2883 430 2946 concivis
454 2896 573 2960 noster,
598 2881 751 2943 directam
780 2894 811 2943 et
842 2881 991 2962 equalem
1028 2880 1233 2943 medietatem
1265 2881 1433 2943 cuiusdam
1460 2879 1551 2943 lundi

289 2991 337 3053 sui
362 2988 454 3051 vacui
479 2989 511 3050 ln
536 2987 642 3070 platea
667 2987 817 3049 exteriori
834 3001 979 3048 sutorum
1002 2987 1084 3049 inter
1101 2987 1228 3066 domos,
1246 2985 1364 3050 fundos
1388 3001 1418 3050 et
1444 2987 1551 3050 civilia

291 3095 439 3179 Gregorii
465 3093 634 3176 freniparis
660 3093 815 3176 Bdudych
839 3095 1116 3176 asepte'mtrione,
1146 3113 1181 3155 ac
1206 3095 1369 3156 Ambrosii
1394 3095 1511 3158 sutoris
1530 3115 1551 3155 a

290 3202 469 3266 meridione
494 3201 587 3263 aliter
617 3201 739 3262 Malecz
771 3199 847 3262 dicti
879 3201 1062 3262 concivium
1095 3213 1277 3262 nostrorum
1310 3201 1461 3279 habitam,
1499 3201 1552 3262 de-

290 3329 386 3392 super
410 3330 428 3370 a
451 3309 503 3369 via
527 3307 692 3374 communi
717 3309 756 3369 ab
789 3307 956 3369 occidente
985 3321 1017 3368 et
1048 3305 1130 3367 infra
1155 3327 1256 3388 usque
1290 3308 1430 3368 rivulum
1463 3308 1554 3369 Med·

292 3415 476 3500 wethnycza
501 3413 623 3475 dictum
648 3427 679 3475 et
703 3433 801 3495 penes
829 3413 924 3475 aliam
958 3412 1164 3474 medietatem
1197 3413 1343 3475 eiusdem
1368 3412 1459 3475 fundi
1492 3415 1553 3476 De·

293 3522 397 3584 metrii
422 3521 539 3583 sutoris
563 3520 710 3582 similiter
734 3520 875 3582 concivis
899 3519 999 3582 nostri
1020 3518 1077 3581 filii
1096 3518 1229 3602 Georgii
1254 3535 1378 3603 aparte
1403 3523 1554 3584 meridio-

293 3628 359 3690 nali
383 3627 537 3705 habitam,
562 3645 660 3687 unam
684 3641 829 3707 quartam
864 3627 950 3688 curie
982 3627 1015 3687 in
1047 3646 1080 3687 se
1113 3627 1315 3706 retinentem,
1341 3628 1478 3690 Martino
1503 3649 1554 3690 su-

292 3735 354 3797 tori
382 3733 450 3796 lllio
468 3732 595 3795 Nicolai
612 3733 742 3814 Banych
760 3733 836 3794 dicti
854 3732 892 3794 de
910 3733 1032 3815 Zelyna
1054 3747 1088 3794 ut
1105 3731 1168 3813 jam
1192 3753 1278 3796 novo
1303 3735 1427 3796 concivi
1446 3751 1555 3796 nostro

294 3861 331 3903 ac
354 3861 411 3924 per
435 3859 508 3902 eum
535 3839 634 3922 ipsius
659 3839 830 3901 heredibus
854 3859 911 3922 pro
936 3839 1037 3901 tribus
1062 3858 1097 3901 ac
1123 3839 1231 3900 medio
1257 3839 1325 3904 flor.
1351 3841 1420 3902 auri
1444 3841 1555 3904 vendi-

293 3948 400 4010 disset.

399 4053 498 4128 Quod
522 4054 597 4134 qula
623 4052 757 4136 provida
782 4052 898 4114 mulier
922 4057 1031 4133 Agnes
1054 4067 1167 4115 vocata
1197 4053 1305 4116 relicta
1332 4053 1470 4115 condam
1495 4055 1555 4116 viri

292 4161 419 4244 providi
446 4160 612 4222 Benedicti
637 4160 792 4222 institoris
824 4158 881 4221 filli
907 4159 1035 4220 Martini
1068 4161 1107 4220 de
1133 4160 1281 4242 Roysche
1306 4160 1385 4222 olim
1412 4161 1556 4222 concivis

293 4267 392 4329 nostrl
425 4285 510 4328 nunc
542 4285 674 4328 consors
706 4266 862 4346 legittima
895 4265 1114 4327 bartholomei
1146 4267 1293 4328 similiter
1332 4266 1485 4328 institoris
1517 4267 1557 4328 de

295 4370 482 4450 Gwdowcz,
506 4373 648 4434 concivis
672 4372 783 4450 nostri,
807 4392 843 4433 ac
861 4371 1022 4433 Dorothea
1041 4371 1148 4434 relicta
1172 4373 1309 4434 condam
1328 4373 1418 4434 Pauli
1440 4374 1558 4436 sutoris

293 4477 350 4540 filil
376 4478 473 4540 Blasii
499 4479 537 4539 de
564 4479 723 4540 Rakonok
748 4498 832 4540 nunc
861 4497 937 4540 vero
972 4499 1103 4540 consors
1136 4479 1293 4559 legittima
1329 4479 1466 4562 Myklini
1491 4499 1557 4541 car·

295 4583 396 4648 nilicis
409 4585 485 4647 dicti
501 4586 564 4646 Pan
580 4586 637 4646 lan
657 4585 798 4646 concivis
815 4586 925 4662 nostri,
943 4587 1091 4647 concives
1108 4599 1225 4664 nostre,
1239 4586 1402 4666 quandam
1420 4587 1555 4648 domum

296 4692 437 4774 ipsarum
463 4705 494 4753 et
518 4689 715 4774 prelatorum
741 4692 883 4752 virorum
917 4693 1056 4774 ipsarum
1086 4693 1276 4774 primorum,
1309 4693 1340 4752 in
1366 4691 1450 4754 dicta
1481 4693 1558 4753 clvi·

297 4812 360 4860 tate
386 4799 468 4860 inter
492 4798 626 4860 domum
659 4813 689 4859 et
723 4796 858 4859 fundum
885 4799 1050 4859 Michaelis
1071 4799 1210 4876 sartoris,
1235 4800 1275 4859 ab
1300 4817 1373 4877 una,
1398 4800 1437 4859 ab
1462 4799 1558 4860 altera

298 4925 373 4966 vero
398 4905 544 4994 Dyonisii
571 4905 738 4987 Zernchyn
776 4905 925 4966 habitam.
955 4919 985 4966 et
1009 4906 1208 4982 existentem,
1247 4905 1387 4966 mediam
1424 4906 1455 4965 in
1491 4918 1559 4967 toto

299 5012 420 5074 curiam
445 5013 483 5073 ad
516 5031 608 5073 usum
634 5012 717 5073 dicte
750 5013 885 5074 civitatis
917 5013 1105 5091 habentem,
1142 5011 1278 5094 provido
1312 5011 1380 5072 viro
1414 5011 1558 5130 Geprgio
