3832 5804
788 561 875 619 Anno
898 560 993 637 1460.
1462 579 1519 622 ποι

264 772 401 835 condam
427 771 605 834 Clementis
637 771 779 852 agricole
811 771 990 852 emptionis
1022 769 1117 832 titulo
1142 771 1316 832 literatorie
1348 771 1525 834 dinoscitur

260 879 433 962 possidere,
451 877 526 940 ideo
543 897 602 939 nos
619 877 755 938 eandem
771 877 885 938 silvam
903 896 975 938 cum
994 876 1060 958 ipsa
1079 877 1172 938 vinea
1187 877 1217 938 in
1232 877 1394 940 vicinitate
1412 899 1522 976 supra·

262 985 344 1046 dicta
370 983 494 1045 habitas
518 997 548 1045 et
573 983 743 1045 existentes
769 982 874 1044 eidem
903 983 1022 1044 Mathie
1047 983 1192 1064 arcupari
1218 1003 1253 1044 ac
1277 1003 1332 1065 per
1357 1003 1431 1045 eum
1458 985 1524 1046 suis

260 1089 433 1152 heredibus
456 1109 494 1150 ex
518 1089 681 1172 premissis
703 1089 763 1150 sibi
790 1089 988 1150 incumbenti
1014 1088 1183 1150 statuimus
1207 1103 1238 1150 et
1262 1088 1523 1152 confirmavimus

261 1209 291 1257 et
314 1194 487 1277 superinde
512 1196 603 1258 litera
628 1209 735 1257 nostra
762 1193 971 1276 privilegialis
994 1195 1052 1256 sub
1085 1193 1238 1275 pendenti
1263 1195 1370 1276 sigillo
1395 1209 1441 1257 est
1464 1197 1523 1258 sibi

260 1317 416 1364 emanata.

366 1407 444 1468 ltem
471 1406 667 1468 Laurentius
692 1405 776 1468 filius
802 1407 899 1468 Blasii
933 1406 972 1468 de
999 1406 1119 1468 Kalech
1145 1421 1175 1468 et
1201 1406 1301 1469 Eleos
1327 1409 1434 1490 puella
1460 1408 1524 1488 filia

261 1513 398 1575 condam
425 1513 554 1595 Endrey
579 1513 618 1574 de
643 1513 756 1575 eadem
783 1512 915 1591 Kalech,
947 1511 1109 1592 quandam
1135 1512 1269 1575 domum
1296 1514 1441 1595 ipsorum
1466 1493 1525 1595 lig·

261 1638 354 1681 neam
378 1619 474 1680 simul
498 1639 571 1680 cum
597 1618 705 1680 lundis
729 1633 760 1680 et
783 1618 917 1680 edificiis
936 1620 1040 1680 eidem
1059 1619 1171 1680 domui
1188 1621 1247 1680 sub
1265 1633 1296 1682 et
1314 1620 1451 1702 desuper
1469 1622 1523 1682 ad-

261 1725 439 1806 jacentibus
463 1725 493 1786 in
520 1726 604 1787 dicta
628 1727 755 1788 civitate
780 1745 880 1808 prope
912 1725 1062 1786 videlicet
1094 1726 1261 1787 ecclesiam
1287 1728 1379 1789 beate
1406 1727 1521 1790 Kathe·

263 1833 331 1894 rine
356 1831 490 1913 virginis
513 1847 544 1894 et
576 1832 725 1911 martiris,
758 1832 840 1893 inter
873 1831 989 1894 domos
1020 1843 1051 1893 et
1075 1829 1193 1893 fundos
1224 1847 1255 1894 et
1278 1830 1400 1894 edificia
1435 1833 1524 1894 Pauli

263 1938 390 2015 sutoris,
416 1937 582 1999 Michaelis
606 1952 637 1999 et
661 1937 745 2000 Petri
769 1951 928 1999 sartorum
953 1957 1011 1998 nec
1041 1957 1105 1999 non
1131 1937 1215 1998 lwan
1242 1938 1332 1998 Turlr
1358 1939 1524 2018 cognomi·

261 2044 338 2122 nati,
362 2046 402 2106 ab
427 2044 561 2122 oriente,
576 2057 607 2106 et
631 2043 761 2106 Andree
785 2044 948 2106 servitoris
972 2058 1002 2105 et
1025 2043 1201 2105 liberorum
1225 2063 1282 2106 seu
1306 2063 1524 2106 successorum

261 2150 398 2212 condam
423 2150 551 2212 Andree
577 2150 645 2213 Lab
670 2151 709 2212 ab
727 2151 906 2229 occidente,
932 2169 1071 2212 necnon
1098 2151 1179 2212 inter
1197 2151 1276 2211 duas
1293 2152 1360 2212 vias
1384 2170 1441 2213 seu
1457 2151 1524 2233 pla·

261 2269 328 2319 teas
352 2276 540 2318 communes
563 2276 659 2319 unam
678 2278 694 2319 a
712 2257 940 2339 septemtrione
965 2271 996 2318 et
1016 2257 1113 2318 aliam
1138 2277 1155 2319 a
1180 2256 1358 2318 meridione
1384 2255 1525 2320 habitam

261 2375 292 2426 et
316 2363 518 2442 existentem,
542 2382 658 2425 novem
683 2377 811 2445 quartas
835 2377 866 2426 et
899 2383 996 2426 unam
1021 2379 1166 2425 octavam
1200 2363 1286 2426 curie
1311 2363 1343 2424 in
1367 2383 1400 2424 se
1423 2364 1524 2426 conti·

263 2483 402 2549 nentem,
429 2469 585 2554 Dyonisio
610 2469 750 2552 agricole
775 2469 842 2532 filio
869 2469 1000 2551 Georgii
1027 2469 1067 2531 de
1097 2470 1251 2532 Munozlo
1288 2489 1374 2532 novo
1400 2469 1524 2532 concivi

261 2588 369 2638 nostro
404 2595 440 2638 ac
465 2595 521 2658 per
544 2596 617 2638 eum
645 2577 820 2660 Elyzabeth
845 2577 935 2638 uxori
965 2597 1022 2638 sue
1056 2595 1256 2658 petensque
1289 2595 1401 2638 eorum
1436 2575 1524 2636 here·

264 2683 358 2744 dibus
382 2702 440 2765 pro
465 2701 582 2744 novem
600 2683 669 2748 flor.
695 2685 763 2746 auri
781 2685 927 2746 vendidit
944 2699 1100 2766 perpetuo
1119 2684 1345 2766 possidendam
1363 2697 1394 2746 et
1416 2703 1524 2766 super·

262 2788 336 2850 inde
361 2789 451 2851 litera
469 2803 576 2851 nostra
594 2790 803 2872 privilegialis
821 2792 880 2852 sub
894 2791 1046 2872 pendenti
1060 2791 1168 2872 sigillo
1182 2803 1228 2852 est
1244 2791 1304 2851 sibi
1323 2803 1480 2852 emanata.

367 2894 445 2956 ltem
471 2895 633 2958 lohannes
658 2895 798 2958 carnifex
830 2895 915 2960 filius
949 2897 1031 2959 Petri
1066 2897 1143 2958 dicti
1177 2895 1301 2958 Drisich
1325 2895 1364 2958 de
1390 2895 1524 2958 Zrhene-

261 3000 361 3080 wech,
386 3001 548 3082 quandam
574 3002 708 3064 domum
732 3023 823 3065 suam
847 3004 979 3066 totalem
1004 2999 1099 3065 simul
1124 3022 1196 3064 cum
1222 3001 1324 3064 fundo
1350 3017 1381 3064 et
1405 3003 1523 3064 celario

261 3109 470 3169 subterraneo
488 3107 593 3170 eidem
610 3108 788 3188 subjacenti
806 3130 842 3171 ac
860 3109 993 3171 edificiis
1007 3110 1038 3170 in
1056 3110 1139 3171 dicta
1158 3109 1284 3170 civitate
1302 3110 1384 3172 inter
1400 3109 1526 3188 domos,

261 3211 380 3274 fundos
404 3232 440 3274 ac
465 3211 590 3276 edificia
624 3214 752 3276 Thome
785 3215 902 3277 sutoris
935 3236 951 3276 a
988 3215 1168 3276 meridione
1201 3229 1231 3276 et
1257 3215 1357 3296 probe
1381 3215 1526 3277 mulieris

262 3319 361 3380 Elene
386 3320 549 3402 penestice
574 3321 666 3383 aliter
684 3319 812 3382 Cherna
830 3337 940 3382 vocate
957 3341 974 3382 a
992 3321 1221 3404 septemtrione
1246 3320 1386 3382 habitam
1413 3335 1443 3382 et
1461 3321 1524 3382 exi-

261 3438 408 3502 stentem,
434 3426 574 3488 mediam
599 3427 630 3488 in
655 3441 723 3488 toto
748 3428 869 3488 curiam
896 3427 926 3488 in
951 3448 984 3489 se
1003 3428 1221 3490 continentem
1241 3425 1400 3508 Gregorio
1425 3427 1525 3488 sutori

263 3529 331 3593 filio
356 3530 520 3594 Benedicti
546 3533 586 3594 de
618 3532 852 3612 Polosichicha,
885 3553 971 3595 novo
1004 3533 1128 3594 concivi
1158 3545 1278 3612 nostro,
1310 3552 1347 3593 ac
1371 3551 1427 3614 per
1450 3551 1524 3593 eum

261 3638 327 3698 suis
344 3637 516 3700 heredibus
540 3659 598 3720 pro
615 3640 728 3721 viginti
747 3641 891 3722 quinque
908 3639 977 3700 flor.
1002 3639 1070 3700 auri
1088 3638 1234 3700 vendidit
1252 3651 1408 3720 perpetuo
1426 3639 1524 3719 possi·

262 3743 402 3806 dandam
427 3758 458 3807 et
480 3745 654 3828 superinde
678 3746 769 3808 litera
794 3760 900 3808 nostra
923 3745 1133 3828 privilegialis
1157 3747 1216 3805 sub
1240 3744 1394 3826 pendenti
1418 3745 1525 3826 sigillo

262 3864 307 3912 est
331 3851 391 3912 sibi
414 3865 571 3914 emanata.

368 3955 446 4018 ltem
471 3961 580 4037 Agnes
604 3957 720 4018 mulier
737 3957 847 4020 relicta
872 3957 1008 4020 condam
1028 3956 1193 4036 Demetrii,
1218 3957 1380 4038 quandam
1405 3955 1525 4018 medie·

261 4075 358 4123 tatem
383 4063 549 4124 cuiusdam
575 4064 667 4125 vinee
693 4063 926 4125 condicionalis
950 4063 981 4123 in
1002 4063 1162 4124 territorio
1182 4077 1290 4124 nostro
1315 4081 1414 4144 prope
1431 4062 1526 4122 silvas

261 4187 317 4229 seu
341 4168 478 4250 virgulta
502 4183 609 4230 nostre
629 4169 869 4230 communitatis
887 4171 918 4230 in
938 4169 1102 4230 montibus
1121 4169 1263 4231 eiusdem
1289 4168 1426 4230 civitatis
1444 4169 1525 4229 inter

261 4275 370 4338 vineas
395 4275 497 4338 Frane
522 4276 790 4339 molendinatoris
815 4289 845 4338 et
870 4289 977 4337 nostre
1002 4277 1242 4339 communitatis
1270 4278 1309 4338 ab
1336 4295 1398 4336 una
1425 4289 1524 4357 parte,

262 4383 301 4442 ab
326 4382 424 4443 altera
449 4401 526 4444 vcro
553 4383 634 4444 inter
666 4383 776 4445 vineas
800 4382 939 4444 desertas
963 4403 1019 4444 seu
1053 4383 1083 4444 in
1116 4383 1211 4444 silvas
1236 4383 1378 4443 redactas
1402 4401 1438 4442 ac
1463 4381 1524 4442 vir·

261 4489 349 4568 gulta
382 4489 482 4570 ipsius
515 4504 622 4550 nostre
653 4489 892 4550 communitatis
925 4489 1032 4550 habite
1065 4503 1096 4550 et
1127 4489 1307 4566 existentis,
1340 4487 1476 4569 desuper
1508 4509 1525 4548 a

262 4594 403 4676 quodam
430 4593 548 4656 fossato
581 4593 661 4656 inira
696 4613 796 4675 usque
829 4595 967 4656 rivulum
1001 4597 1169 4676 antiquum
1203 4615 1275 4655 cum
1301 4595 1440 4675 virgulto
1465 4594 1525 4655 sibi

261 4701 437 4781 subjacenti
463 4722 494 4762 se
512 4701 722 4780 extendentis,
740 4702 874 4763 Nicolao
892 4702 1003 4764 sartori
1028 4701 1094 4762 filio
1113 4701 1261 4762 Damiani
1280 4701 1318 4760 de
1345 4699 1523 4761 Hrusowch

262 4808 422 4869 districtus
446 4807 485 4869 dc
512 4807 659 4869 Klokoch
684 4827 743 4889 pro
767 4809 869 4869 tribus
893 4808 962 4869 flor.
992 4809 1061 4869 auri
1087 4808 1233 4868 vendidit
1250 4821 1407 4889 perpetuo
1425 4807 1524 4888 possi·

261 4913 410 4992 dendam‚
436 4915 475 4976 de
501 4913 700 4996 quaquidem
718 4914 890 4976 medietate
916 4915 1009 4975 vinee
1027 4912 1168 4995 prelatus
1194 4913 1346 4974 Nicolaus
1370 4927 1472 4973 sartor
1488 4933 1524 4973 ac

261 5040 316 5102 per
340 5039 414 5082 curn
440 5021 544 5082 cuncti
569 5021 617 5082 sui
646 5039 844 5082 successores
876 5021 915 5082 ad
949 5020 1136 5081 comitatum
1172 5033 1315 5080 nostrum
1341 5037 1467 5102 semper
1492 5018 1523 5080 in
