3832 5804
736 1587 865 1688 (Anno
891 1587 1048 1676 Domini
1075 1586 1327 1686 dcccciv.)

398 1945 532 2022 ltemin
544 1945 788 2022 annoDotnini
801 1946 986 2022 millesimo
999 1944 1656 2046 quadringentesimoquinquagesimo

399 2071 533 2170 quinto,
562 2070 653 2148 feria
680 2071 795 2146 tercia
813 2071 978 2171 proxima
1009 2077 1095 2170 post
1122 2070 1253 2145 festum
1275 2067 1531 2145 Conversionis
1561 2070 1657 2145 beati

399 2193 499 2271 Pauli
538 2195 707 2296 apostoli,
731 2203 895 2294 tempore
920 2194 1100 2292 judicatus
1128 2195 1192 2269 viri
1221 2194 1358 2294 providi
1374 2201 1412 2268 et
1427 2193 1569 2269 honesti
1585 2191 1656 2269 Va·

398 2320 519 2395 lentini
549 2319 709 2394 moderni
733 2317 861 2415 judicis
892 2327 929 2395 et
959 2319 1115 2394 concivis
1143 2319 1257 2393 nostri
1277 2316 1335 2392 filii
1355 2317 1548 2408 Michaelis
1576 2341 1658 2417 pre·

398 2466 482 2518 sens
520 2442 708 2518 laternum
747 2451 805 2517 est
841 2441 975 2518 factum
1013 2465 1122 2541 super
1159 2443 1440 2540 consignacione
1477 2441 1658 2516 literarum

357 2553 359 2558 ’
398 2565 669 2665 privilegialium
686 2567 750 2642 sub
766 2567 936 2666 pendenti
953 2566 1073 2666 sigillo
1086 2565 1330 2641 confectarum
1347 2573 1385 2640 et
1400 2573 1656 2641 emanatarum.

913 2846 980 2922 (28.
997 2850 1164 2928 januarii).

503 2989 581 3051 ltem
614 3003 799 3052 executores
831 3003 861 3052 et
893 2991 1104 3051 commissarii
1140 2990 1322 3052 testamenti
1355 2989 1493 3051 condam
1526 2990 1657 3052 domine

399 3095 533 3176 Agnetis
557 3097 640 3157 dicte
666 3095 809 3179 Chaylra,
834 3096 996 3178 quandam
1026 3111 1142 3158 terram
1175 3097 1327 3158 arabilem
1352 3096 1494 3178 predicte
1519 3097 1656 3158 condam

402 3200 533 3264 domine
565 3204 698 3282 Agnetis
730 3203 762 3264 in
794 3223 908 3285 campo
945 3219 976 3265 et
1006 3203 1165 3265 territorio
1197 3203 1332 3264 civitatis
1362 3203 1504 3285 predicte
1537 3202 1658 3286 Czyrlr·

397 3307 524 3391 wysche
550 3322 674 3388 vocato,
700 3310 781 3370 inter
797 3323 895 3372 terras
920 3310 1048 3372 Andree
1066 3310 1205 3388 sartoris,
1230 3309 1335 3391 jurati,
1353 3323 1383 3371 et
1409 3309 1557 3390 Gregorii
1576 3311 1659 3391 agri·

397 3416 467 3476 cole
491 3413 595 3476 fratris
619 3416 667 3476 sui
693 3429 724 3477 et
749 3416 901 3499 Stephani
928 3413 1083 3477 carnificis
1115 3417 1155 3477 ab
1188 3416 1379 3478 occidentali
1405 3431 1505 3497 parte,
1530 3431 1560 3476 et
1584 3415 1659 3478 Cle-

397 3521 513 3583 mentis
537 3523 677 3602 agricole
702 3543 738 3583 ac
763 3522 891 3584 Thome
917 3522 1119 3607 Jeribowych
1152 3523 1299 3584 similiter
1331 3523 1481 3604 agricole,
1506 3525 1545 3585 ab
1571 3524 1657 3583 occi-

397 3627 503 3706 dente,
527 3641 558 3690 et
583 3629 664 3689 inter
687 3629 766 3690 duas
791 3630 857 3690 vias
882 3649 1070 3691 communes
1094 3630 1246 3708 habitam,
1271 3630 1424 3692 tredecim
1449 3629 1550 3691 dietas
1573 3644 1658 3691 terre

397 3734 429 3794 in
454 3754 485 3794 se
508 3734 737 3812 coutinentem,
762 3736 911 3815 predictis
943 3736 1071 3798 Andree
1103 3735 1207 3817 jurato
1240 3751 1271 3798 et
1295 3736 1453 3816 Gregorio
1486 3735 1573 3798 fratri
1598 3755 1658 3798 suo

396 3859 454 3923 pro
479 3859 595 3901 novem
630 3839 696 3902 flor.
727 3842 941 3903 vendiderunt
973 3856 1127 3924 perpetuo
1162 3843 1390 3924 possidendam
1423 3857 1453 3906 et
1485 3842 1658 3924 superinde

399 3945 476 4028 ipsis
493 3961 538 4006 est
552 3946 644 4006 litera
658 3947 866 4028 privilegialis
886 3950 945 4009 sub
959 3949 1111 4029 pendenti
1126 3949 1232 4028 sigillo
1247 3948 1486 4011 communitatis
1500 3963 1658 4010 emanata.

505 4051 582 4114 ltem
608 4052 722 4113 Visula
750 4053 859 4114 relicta
892 4054 1029 4116 condam
1063 4054 1203 4116 Ladislai
1234 4056 1350 4116 sutoris
1382 4054 1456 4116 dicti
1483 4054 1659 4116 Fudriche·

396 4157 492 4240 wycb
517 4159 653 4219 condam
679 4158 772 4240 jurati
797 4174 828 4221 et
852 4161 992 4222 concivis
1023 4163 1133 4240 nostri,
1166 4162 1330 4244 quandam
1356 4162 1490 4223 domum
1516 4161 1658 4242 ligneam

397 4277 428 4323 et
452 4262 589 4324 fundum
614 4285 650 4326 ac
674 4266 838 4326 cellarium
864 4266 998 4348 predicti
1018 4268 1155 4329 condam
1174 4269 1314 4329 Ladislai
1343 4267 1597 4350 Fudrichewych
1627 4269 1659 4328 in

397 4367 481 4428 dicta
506 4369 632 4431 civitate
657 4371 739 4432 iuter
764 4372 879 4433 domos
903 4387 933 4434 et
957 4372 1075 4435 fundos
1093 4374 1217 4435 domini
1243 4374 1371 4436 Thome
1396 4374 1563 4456 presbiteri
1589 4394 1659 4455 pre·

396 4475 540 4536 bandarii
566 4477 698 4539 ecclesie
723 4480 822 4540 sancti
848 4481 931 4562 regis
956 4480 1121 4562 Stephani,
1146 4495 1177 4543 et
1202 4481 1300 4542 Marci
1326 4479 1493 4558 carnificis,
1519 4501 1536 4541 a
1564 4482 1660 4542 meri-

398 4579 505 4659 dione,
530 4596 560 4644 et
585 4584 712 4644 Martini
738 4583 871 4668 Cypser,
896 4607 913 4646 a
930 4588 1158 4668 septemtrione
1177 4587 1329 4666 habitam,
1346 4601 1410 4649 tres
1427 4601 1556 4668 quartas
1573 4589 1660 4648 curie

399 4686 431 4746 in
455 4707 488 4748 se
513 4688 692 4768 continens,
717 4705 763 4752 est
786 4691 915 4753 vendita
941 4693 1070 4756 Andree
1101 4693 1205 4774 jurato
1231 4707 1262 4756 et
1287 4693 1446 4776 Gregorio
1479 4692 1566 4755 fratri
1600 4714 1660 4756 suo

398 4807 554 4874 perpetuo
579 4796 783 4876 possidenda.

504 4899 579 4960 Item
606 4901 744 4981 quedam
770 4903 862 4966 vinea
887 4906 1025 4968 condam
1050 4909 1177 4969 Nicolai
1202 4907 1295 4988 jurati
1320 4908 1397 4970 dicti
1423 4908 1602 4990 Supanecz,
1627 4909 1659 4970 in

398 5004 557 5065 territorio
575 5006 710 5068 civitatis
728 5007 810 5070 inter
826 5011 954 5072 vineam
979 5013 1104 5074 Nicolai
1123 5013 1216 5091 jurati
1234 5013 1290 5075 filii
1310 5014 1460 5076 Damiani
1478 5029 1508 5076 et
1527 5013 1659 5097 Georgii
