3832 5804
440 687 524 758 ltem
552 685 584 758 in
614 687 699 758 festo
729 685 986 758 Purifieacionis
1014 687 1111 756 beate
1152 705 1281 774 semper
1310 682 1451 772 virginis
1480 676 1594 755 llarie.

910 853 951 915 (2.
968 837 1145 916 februaria).

492 979 569 1042 Item
597 977 692 1041 frater
718 979 855 1041 Michael
873 979 1038 1040 Heremita
1057 979 1201 1040 vendidit
1226 979 1389 1060 quandam
1415 979 1542 1039 vineam
1559 997 1649 1039 suam

387 1089 419 1149 in
442 1087 605 1150 territorio
639 1087 775 1148 civitatis
807 1087 888 1148 inter
921 1088 1047 1147 vineam
1082 1086 1211 1168 Mathye
1246 1085 1464 1167 Kerzowaych
1496 1085 1601 1165 jurati,
1633 1104 1650 1144 a

387 1192 578 1271 meridione,
602 1206 633 1254 et
670 1193 751 1254 inter
776 1193 902 1254 vineam
940 1193 1106 1274 hospitalis
1141 1193 1238 1254 nostri
1276 1192 1458 1254 communis
1490 1191 1650 1252 mediante

387 1300 526 1381 quadam
550 1300 601 1360 via
624 1315 689 1361 tarn
715 1298 852 1380 pedestri
872 1318 969 1380 quam
995 1300 1132 1360 cursuali
1152 1298 1388 1360 circumvicinis
1414 1297 1579 1359 communi
1596 1296 1650 1357 ha-

388 1406 497 1484 bitam,
523 1404 611 1467 dedit
637 1406 808 1468 Valentino
833 1405 930 1486 judici
965 1425 1023 1487 pro
1057 1405 1196 1486 quadarn
1220 1407 1313 1468 vinea
1347 1406 1458 1466 suain
1491 1405 1651 1466 territorio

389 1513 626 1574 Heremitarum
651 1511 760 1573 habita
794 1533 829 1574 ac
854 1532 912 1594 pro
944 1512 1165 1573 additamento
1198 1527 1271 1574 octo
1295 1511 1365 1572 fior.
1397 1511 1466 1572 auri
1490 1511 1558 1592 jure
1582 1530 1650 1592 per·

388 1618 583 1680 mutaciouis
607 1633 637 1679 et
661 1619 842 1680 concambii
861 1633 1017 1700 perpetuo
1036 1618 1262 1700 possidendam
1287 1631 1318 1679 et
1333 1616 1505 1700 superinde
1530 1630 1576 1679 est
1592 1617 1651 1677 sibi

389 1725 480 1787 litera
516 1725 575 1786 sub
600 1725 753 1807 pendenti
778 1725 886 1806 sigillo
918 1726 1157 1787 communitatis
1181 1739 1336 1787 emanata.

492 1849 571 1912 ltem
596 1854 705 1931 Agnes
729 1851 839 1912 relicta
864 1851 1002 1912 condam
1025 1849 1203 1912 Clementis
1230 1849 1384 1912 institoris
1408 1869 1493 1910 nunc
1518 1867 1649 1910 consors

390 1955 553 2018 Valentini
578 1955 634 2017 filii
660 1957 797 2018 condam
822 1957 952 2018 Andree
976 1955 1033 2018 filii
1060 1957 1188 2018 Martini
1208 1957 1313 2017 Kozar
1337 1956 1377 2016 de
1404 1954 1525 2031 Othok‚
1550 1974 1652 2035 quan·

391 2061 463 2124 dam
489 2062 622 2124 domurn
648 2082 737 2124 suam
763 2064 860 2124 simul
893 2083 965 2125 curn
1001 2062 1102 2125 fundo
1128 2077 1158 2124 et
1189 2061 1322 2124 edificiis
1354 2063 1384 2123 in
1410 2062 1494 2124 dicta
1527 2062 1653 2123 civitate

390 2169 472 2230 inter
496 2169 630 2230 domum
655 2169 815 2230 Francisci
841 2170 1005 2250 sutorps‚a
1038 2169 1283 2251 septemtrione,
1314 2181 1345 2230 et
1369 2169 1451 2229 inter
1478 2166 1593 2228 domos
1624 2181 1654 2228 et

391 2273 509 2336 fundos
533 2275 639 2336 uxoris
665 2276 802 2337 Emerici
832 2277 949 2337 sutoris
973 2291 1004 2337 et
1030 2275 1111 2358 Elye
1136 2294 1171 2336 ac
1189 2274 1317 2336 Andree
1330 2287 1474 2335 sutorum
1500 2273 1652 2352 habitam,

391 2400 486 2442 unam
511 2381 662 2443 videlicet
684 2397 831 2462 quartam
856 2397 886 2442 et
911 2396 1059 2444 octavam
1096 2382 1183 2444 curie
1208 2381 1239 2442 in
1265 2401 1298 2442 se
1330 2381 1560 2458 continentem,
1584 2400 1653 2462 pre·

391 2487 456 2550 fato
480 2487 653 2550 Valentino
677 2489 789 2549 sartori
815 2489 972 2550 moderno
996 2489 1066 2550 viro
1090 2507 1149 2549 suo
1167 2489 1339 2568 legittim0,
1359 2502 1395 2548 ut
1419 2507 1504 2548 novo
1529 2487 1653 2548 concivi

391 2608 500 2656 nostro
526 2595 658 2656 donavit
683 2609 839 2676 perpetuo
872 2595 1098 2676 possidendam
1134 2607 1165 2655 et
1196 2593 1367 2676 superinde
1401 2609 1448 2656 est
1471 2594 1531 2655 sibi
1563 2593 1654 2656 litera

391 2701 450 2761 sub
475 2699 627 2782 pendenti
654 2697 760 2780 sigillo
785 2701 1027 2762 communitatis
1052 2714 1208 2763 emanata.

498 2823 576 2885 ltem
601 2825 705 2886 Lucas
729 2839 818 2886 sutor
846 2823 931 2886 filius
963 2825 1100 2886 condam
1136 2824 1275 2907 Matbye‚
1309 2825 1496 2906 porcionem
1528 2824 1655 2903 domus,

392 2928 483 2991 fundi
508 2944 538 2990 et
563 2929 776 3008 edificiorum,
798 2932 986 3012 porcionem
1004 2931 1155 2992 videlicet
1171 2950 1273 3010 suam,
1298 2950 1395 2992 unam
1420 2930 1570 2992 videlicet
1587 2945 1654 2992 tan·

391 3037 561 3098 tummodo
586 3051 732 3118 quartam
759 3039 845 3100 curie
871 3038 901 3098 in
927 3059 960 3099 se
992 3039 1223 3116 continentem,
1256 3057 1329 3100 cum
1362 3038 1426 3098 suis
1450 3037 1656 3119 pertinenciis

392 3142 521 3204 Andree
547 3143 646 3204 sutori
672 3143 738 3205 filio
764 3144 931 3205 Michaelis
962 3144 1002 3206 de
1029 3145 1185 3223 Dombro,
1209 3158 1244 3205 ut
1275 3164 1360 3206 novo
1386 3145 1510 3206 concivi
1534 3157 1655 3224 nostro,

392 3271 450 3334 pro
475 3248 586 3312 decent
611 3264 642 3312 et
666 3263 738 3312 octo
763 3270 837 3312 cum
863 3252 971 3312 medio
1004 3251 1073 3314 flor.
1098 3253 1166 3312 auri
1199 3251 1345 3314 vendidit
1375 3265 1531 3335 perpetuo
1555 3252 1655 3334 possi·

392 3355 531 3419 dendam
556 3369 587 3417 et
614 3357 786 3438 superinde
811 3371 857 3418 est
880 3358 941 3418 sibi
965 3357 1057 3418 litera
1081 3359 1140 3420 sub
1166 3358 1319 3440 pendenti
1343 3358 1450 3440 sigillo
1475 3358 1654 3420 communi·

392 3476 465 3524 tatis
496 3475 653 3524 emanata.

500 3585 577 3649 ltem
603 3586 779 3668 Gregorius
802 3587 888 3649 filius
912 3588 1049 3650 condam
1076 3589 1231 3650 Anthonii
1266 3589 1451 3672 Pulyanycb
1476 3589 1516 3650 de
1541 3587 1655 3652 Germ-

393 3694 572 3776 cheryewo,
598 3695 773 3775 quemdam
798 3693 953 3776 (hlortum
987 3697 1018 3756 in
1047 3696 1202 3758 suburbio
1235 3696 1372 3758 civitatis
1396 3696 1478 3758 inter
1502 3695 1655 3779 (hlortum

395 3800 574 3863 Clementis
598 3799 766 3882 freniparis
791 3815 821 3862 et
853 3801 1029 3863 liberorum
1062 3804 1201 3864 condam
1232 3801 1364 3864 domine
1396 3803 1569 3864 Scolastice
1602 3803 1656 3866 ba·

393 3907 507 3986 bitum,
532 3906 656 3989 prelato
682 3907 844 3969 Clementi
869 3907 1020 3990 frenipari
1046 3929 1104 3991 pro
1129 3910 1303 3972 duodecim
1321 3909 1389 3972 fior.
1415 3911 1562 3972 vendidit
1584 3931 1655 3993 per-

394 4027 492 4095 petuo
518 4013 747 4094 possidendum
774 4029 803 4075 et
827 4016 998 4097 superinde
1022 4030 1068 4078 est
1089 4016 1149 4078 sibi
1174 4017 1265 4077 litera
1288 4017 1347 4077 sub
1371 4016 1524 4098 pendenti
1548 4016 1656 4098 sigillo

394 4120 634 4180 communitatis
655 4133 812 4184 emanata.

501 4243 578 4304 ltem
603 4243 719 4306 domus
744 4259 866 4307 murata
900 4265 972 4307 cum
1004 4245 1113 4308 fundis
1137 4259 1169 4309 et
1199 4247 1332 4310 edificiis
1363 4247 1396 4309 in
1421 4247 1506 4310 dicta
1529 4248 1656 4310 civitate

394 4349 476 4410 inter
500 4347 618 4410 fundos
642 4363 673 4411 et
698 4350 812 4412 domos
845 4351 999 4413 lobannis
1029 4355 1159 4414 sartoris
1191 4374 1227 4416 ac
1252 4354 1399 4437 Dyonisii
1424 4354 1578 4416 institoris
1601 4353 1656 4416 ba-

395 4455 471 4532 bita,
496 4455 636 4516 mediam
662 4457 783 4518 curiam
816 4473 846 4518 et
877 4473 1022 4520 octavam
1054 4460 1095 4520 ad
1127 4481 1220 4522 usum
1254 4461 1390 4522 civitatis
1421 4459 1543 4544 prefate
1567 4461 1600 4522 in
1623 4481 1656 4522 se

394 4561 572 4639 continens,
598 4581 660 4643 que
693 4563 831 4624 condam
864 4565 995 4627 domine
1027 4569 1157 4648 Agycze
1188 4567 1296 4628 uxoris
1328 4568 1480 4651 Symonis
1508 4567 1577 4629 coci
1600 4588 1657 4650 per

395 4665 595 4746 legacionem
620 4668 765 4730 eiusdem
790 4670 923 4732 domine
955 4675 1083 4754 Agycze
1115 4672 1238 4756 prefato
1264 4674 1398 4757 Symoni
1431 4694 1510 4736 coco
1536 4673 1655 4755 utiam

394 4791 480 4834 novo
506 4775 630 4836 concivi
655 4791 764 4837 nostro
790 4791 836 4839 est
868 4791 983 4840 statuta
1017 4793 1173 4861 perpetuo
1205 4780 1399 4862 possidenda
1428 4796 1458 4843 et
1482 4781 1655 4863 superinde

395 4891 442 4938 est
464 4879 524 4940 sibi
549 4879 638 4941 litera
663 4883 721 4942 sub
747 4883 899 4964 pendenti
923 4885 1030 4965 sigillo
1056 4887 1297 4948 communitatis
1321 4902 1477 4950 emanata.
