3816 5802
909 551 995 610 Anno
1017 565 1110 629 1440.

484 767 561 829 Item
588 766 720 828 domina
747 765 849 828 Elena
881 764 991 826 relicta
1023 763 1161 825 condam
1195 761 1321 824 Nicolai
1352 760 1469 844 judicis
1499 761 1558 824 filii
1585 763 1644 825 Fa-

377 873 476 953 biani,
500 886 646 954 quartam
672 885 794 956 partem
821 870 987 933 cuiusdam
1013 870 1129 932 domus
1161 889 1219 932 sue
1243 884 1274 930 et
1295 867 1387 930 fundi
1412 889 1448 930 ac
1474 867 1641 932 hedificio·

376 997 459 1059 rum,
483 993 605 1063 partem
632 978 782 1040 videlicet
804 979 999 1041 anteriorem
1023 997 1079 1038 seu
1108 975 1314 1038 medietatem
1346 976 1464 1038 domus
1487 995 1544 1038 sue
1569 995 1641 1038 mu-

376 1099 453 1165 rate,
465 1099 497 1148 et
509 1099 631 1168 partem
646 1085 855 1167 posteriorem
870 1081 961 1146 fundi
979 1095 1063 1147 retro
1082 1083 1217 1144 eandem
1242 1083 1377 1144 domum
1396 1081 1496 1145 babiti
1515 1083 1576 1144 hoc
1596 1097 1644 1145 est

377 1191 583 1254 medietatem
608 1192 752 1254 eiusdem
778 1189 880 1271 fundi,
906 1210 1003 1252 unam
1028 1189 1179 1252 videlicet
1210 1202 1357 1271 quartam
1381 1189 1480 1268 curie,
1503 1187 1639 1252 donavit

377 1299 513 1360 Nicolao
536 1296 605 1360 filio
632 1298 728 1360 Blasii
753 1317 812 1359 suo
845 1297 1090 1378 consanguineo
1122 1315 1179 1358 seu
1204 1293 1291 1356 lratri
1324 1295 1472 1378 patrueli,
1497 1309 1532 1356 ut
1555 1315 1643 1358 novo

376 1405 501 1467 concivi
524 1419 634 1468 nostro
663 1417 819 1488 perpetuo
837 1403 1076 1486 possidendam,
1101 1421 1164 1484 que
1181 1400 1298 1463 domus
1319 1415 1443 1463 murata
1467 1415 1499 1463 et
1522 1399 1643 1463 fundus

376 1532 412 1573 ac
436 1510 583 1574 hedificia
610 1525 683 1574 sunt
708 1511 740 1572 in
765 1510 893 1572 civitate
918 1509 1061 1592 predicta
1094 1509 1176 1571 inter
1203 1507 1339 1570 domum
1362 1508 1538 1570 liberorum
1564 1527 1641 1570 con·

376 1619 450 1680 darn
477 1618 610 1680 Fabiani
636 1618 764 1696 literati,
789 1637 806 1679 a
832 1617 1073 1699 septemtrione,
1105 1629 1137 1678 et
1160 1616 1243 1678 inter
1275 1615 1409 1678 domum
1434 1615 1640 1698 plebanalem

376 1725 509 1788 ecclesie
534 1739 641 1787 nostre
666 1723 859 1808 parochialis
876 1723 960 1785 beati
987 1723 1085 1784 Marci
1102 1722 1308 1804 ewangeliste
1333 1742 1350 1784 a
1375 1721 1555 1784 meridione
1578 1723 1638 1784 sita

377 1831 469 1910 foret,
494 1831 586 1893 cuius
609 1845 672 1894 tres
696 1845 800 1914 partes
825 1829 937 1892 eadem
963 1829 1094 1892 domina
1113 1829 1224 1909 Blenu,
1241 1843 1304 1891 tres
1328 1829 1479 1892 videlicet
1507 1843 1637 1910 quartas

376 1939 474 2018 curie,
499 1957 613 2020 prose
638 1937 812 2000 reservavit
836 1949 992 2018 perpetuo
1022 1934 1232 2019 possidendas
1256 1949 1287 1997 et
1313 1935 1487 2018 superinde
1511 1933 1636 2018 prelato

378 2045 512 2106 Nicolao
538 2059 584 2107 est
616 2045 707 2106 litera
731 2044 790 2106 sub
815 2043 966 2126 pendenti
992 2042 1100 2124 sigillo
1124 2041 1364 2104 communitatis
1388 2057 1546 2105 emanata.

482 2152 559 2214 ltem
586 2149 707 2234 prefata
732 2150 864 2212 domina
883 2149 984 2210 Elena
1009 2149 1118 2211 relicta
1143 2149 1243 2231 ipsius
1260 2149 1386 2212 Nicolai
1403 2149 1520 2231 judicis
1536 2170 1641 2232 quan·

376 2260 449 2320 darn
475 2260 601 2320 vineam
627 2279 729 2336 suam,
754 2277 817 2339 que
842 2255 980 2318 condam
999 2256 1270 2337 hospitalensibus
1294 2254 1466 2338 prefuerat,
1491 2257 1523 2318 in
1549 2258 1640 2320 terri·

375 2367 459 2428 torio
484 2380 593 2427 nostro
628 2367 710 2428 inter
741 2365 820 2426 alias
852 2364 931 2425 duas
963 2362 1073 2425 vineas
1103 2383 1186 2440 suas,
1221 2381 1317 2424 unam
1350 2365 1390 2424 ab
1415 2364 1584 2427 occidente
1609 2377 1640 2427 et

376 2474 473 2536 aliam
497 2493 513 2534 a
539 2473 766 2556 septemtrione
791 2471 915 2533 habitas
943 2471 1046 2549 sitam,
1082 2489 1118 2531 ac
1150 2470 1232 2530 inter
1255 2468 1425 2531 decursum
1459 2490 1541 2552 aque
1567 2471 1639 2554 plu·

374 2581 467 2641 vialis
501 2579 723 2641 ameridione
749 2579 893 2640 habitum
930 2578 1130 2652 existentem,
1160 2577 1297 2658 desuper
1321 2595 1338 2638 a
1363 2575 1484 2638 fossato
1508 2597 1525 2638 a
1550 2591 1639 2659 parte

374 2687 457 2746 dicte
483 2686 577 2746 unius
602 2685 695 2746 vinee
721 2685 819 2766 ipsius
844 2683 974 2744 domine
1001 2683 1100 2744 Elene
1125 2696 1155 2742 et
1179 2680 1261 2743 infra
1286 2701 1387 2764 usque
1412 2681 1552 2745 rivulum
1578 2703 1635 2745 seu

372 2792 542 2854 decursum
568 2812 651 2874 aque
672 2791 821 2873 pluvialis
854 2812 886 2852 se
920 2791 1156 2869 extendentem,
1188 2809 1262 2851 cum
1291 2790 1357 2851 suis
1389 2791 1581 2852 utilitatibus
1607 2805 1640 2853 et

374 2899 580 2980 pertinenciis
605 2898 762 2959 universis
787 2899 930 2979 predicto
956 2897 1092 2959 Nicolao
1113 2895 1181 2958 filio
1198 2897 1298 2978 ipsius
1322 2897 1418 2958 Blasii
1444 2899 1638 2979 consangui-

373 3024 435 3065 neo
460 3023 519 3066 suo
544 3004 676 3066 donavit
699 3017 855 3086 perpetuo
873 3003 1100 3084 possidendam
1120 3019 1151 3064 et
1168 3001 1342 3085 superinde
1367 3003 1474 3064 eidem
1498 3004 1638 3066 Nicolao

374 3125 419 3171 est
443 3111 534 3172 litera
559 3113 618 3171 sub
644 3111 795 3191 pendenti
822 3110 929 3191 sigillo
954 3109 1195 3170 communitatis
1223 3121 1380 3170 emanata.

479 3216 557 3278 ltem
583 3217 680 3300 Elyas
704 3217 718 3278 J
724 3216 824 3278 udeus
840 3214 924 3276 filius
942 3215 1093 3299 Symonis
1109 3214 1306 3276 inhabitator
1322 3214 1459 3277 civitatis
1483 3215 1639 3296 predicte,

373 3323 536 3404 quandam
561 3323 689 3384 vineam
714 3323 851 3384 condam
878 3322 997 3383 Vrbani
1015 3323 1132 3383 sutoris
1156 3322 1188 3382 in
1216 3321 1377 3382 territorio
1394 3321 1532 3383 civitatis
1555 3321 1639 3384 inter

374 3429 501 3490 vineam
526 3429 628 3491 Elene
653 3429 798 3492 mulieris
823 3429 931 3490 relicte
949 3427 1086 3490 condam
1109 3427 1233 3489 Nicolai
1251 3425 1376 3510 judicis,
1402 3448 1419 3489 a
1445 3428 1637 3508 meridione,

374 3547 404 3596 et
429 3535 510 3596 inter
534 3535 663 3596 vineam
688 3535 821 3615 Agnetis
845 3534 990 3595 mulieris
1023 3553 1109 3595 nunc
1142 3533 1298 3595 consortis
1324 3533 1480 3614 legittime
1506 3533 1637 3596 Martini

372 3641 499 3720 autoris,
525 3660 542 3701 a
566 3640 795 3722 septemtrione
827 3640 980 3716 habitam,
1013 3639 1150 3722 desuper
1182 3639 1275 3700 avia
1307 3639 1474 3701 communi
1498 3651 1529 3701 et
1553 3639 1637 3702 infra

373 3765 473 3827 usque
499 3745 650 3824 rivulum,
676 3765 748 3807 cum
767 3747 906 3826 virgulto
930 3746 990 3806 sibi
1019 3745 1196 3826 subjacenti
1217 3765 1250 3807 se
1275 3746 1513 3825 extendentem,
1538 3765 1636 3828 quam

373 3849 440 3931 ipse
464 3851 613 3913 Vrbanus
636 3866 725 3914 sutor
750 3853 789 3912 ab
815 3853 883 3934 ipso
902 3852 983 3934 Elya
1000 3851 1105 3914 ludeo
1130 3852 1162 3913 in
1180 3851 1272 3914 nullo
1288 3851 1502 3913 terminorum
1526 3851 1638 3934 juridi-

372 3977 483 4019 corum
508 3958 568 4018 sibi
592 3977 649 4040 per
673 3977 733 4018 nos
758 3959 919 4039 assignato
944 3958 1102 4021 redimere
1118 3958 1233 4039 voluit,
1258 3956 1382 4040 prelato
1408 3958 1544 4020 Nicolao
1567 3956 1638 4020 filio

373 4064 469 4124 Blasii
495 4065 737 4146 consanguineo
762 4065 861 4146 ipsius
886 4064 1017 4126 domine
1043 4065 1144 4126 Elene
1169 4084 1228 4148 pro
1260 4064 1446 4146 quindecim
1472 4063 1541 4127 flor.
1566 4067 1636 4127 auri

373 4189 411 4230 ex
435 4189 592 4231 consensu
616 4171 796 4232 vicinorum
822 4171 966 4232 vendidit
984 4186 1141 4254 perpetuo
1162 4171 1392 4254 possidendam
1416 4185 1447 4232 et
1464 4171 1638 4255 superinde

372 4289 419 4337 est
442 4275 530 4336 litera
555 4275 766 4357 privilegialis
797 4281 856 4338 sub
888 4276 1041 4358 pendenti
1073 4277 1181 4358 sigillo
1206 4277 1447 4339 communitatis
1479 4291 1638 4342 emanata.

372 4493 453 4564 ltem
483 4495 567 4566 seria
597 4493 715 4584 quinta
754 4499 909 4584 proxima
948 4505 1027 4568 ante
1055 4499 1178 4569 leston
1207 4497 1460 4570 Purifieacionis
1489 4499 1636 4587 gloriose

780 4640 909 4709 semper
936 4619 1078 4710 virginis
1106 4621 1221 4694 llarie.

892 4789 956 4851 (30.
973 4773 1138 4854 januarii).

478 4909 555 4972 ltem
589 4913 745 4974 Martinus
777 4914 937 4976 Kussaren
970 4929 1001 4976 et
1033 4916 1158 4978 Blasius
1189 4930 1291 4979 sartor
1322 4916 1380 4979 filii
1413 4917 1542 4979 Thome
1574 4916 1632 4980 filii

373 5013 512 5096 Philippi
537 5017 576 5078 de
601 5019 683 5080 ultra
708 5020 835 5081 Zavvam
861 5021 900 5083 de
918 5019 1151 5102 Chernkowcz,
1177 5022 1341 5104 quandam
1367 5024 1494 5086 vineam
1519 5044 1632 5086 eorum
