3816 5802
675 629 679 640 .
772 585 860 644 Anno
882 582 976 662 1446.
1455 605 1495 668 75

336 796 413 858 Item
440 795 600 878 Georgius
616 794 702 857 filius
726 795 893 858 Michaelis
911 796 1090 858 Sebastiani
1116 797 1271 861 directam
1298 813 1328 860 et
1347 799 1496 881 equalem

230 903 436 965 medietatem
454 902 619 964 cuiusdam
646 902 739 964 vinee
757 922 812 964 aue
838 903 952 965 Korito
978 903 1152 984 vulgariter
1177 905 1337 986 appellate
1362 921 1392 969 et
1409 906 1497 968 vine·

229 1029 321 1071 arum
357 993 561 1072 desertarum'
590 1028 626 1070 ac
662 1009 814 1070 silvarum
846 1009 952 1072 eidem
987 1010 1081 1072 vinee
1117 1011 1237 1072 circum
1275 1010 1315 1072 ad
1351 1011 1496 1093 adjacen-

230 1117 329 1195 cium,
353 1135 412 1178 nec
436 1135 500 1177 non
527 1114 633 1178 senilis
658 1115 780 1178 eisdem
812 1114 1016 1198 subjacentis,
1040 1136 1076 1178 ac
1108 1117 1261 1180 directam
1287 1131 1318 1179 et
1345 1119 1495 1200 equalem

231 1223 435 1284 medietatem
461 1221 591 1303 triginta
615 1222 667 1283 vel
698 1222 776 1284 citra
810 1222 968 1284 dictarum
992 1237 1074 1285 terre
1106 1224 1236 1286 erabilis
1259 1244 1360 1308 prope
1386 1225 1496 1288 villam

235 1329 395 1413 Pobresye
419 1341 564 1390 vocatam
601 1329 633 1390 in
658 1327 792 1390 diversis
820 1328 899 1391 locis
932 1330 1076 1409 sitarum,
1100 1330 1187 1412 juxta
1219 1345 1367 1393 contenta
1391 1332 1496 1394 litera·

230 1455 299 1496 rum
324 1435 575 1517 privilegialium
595 1435 768 1517 superinde
798 1433 1017 1498 confectarum
1037 1436 1212 1500 Benedicto
1237 1435 1304 1498 lilio
1330 1437 1498 1500 Michaelis

231 1543 410 1604 Sebastiani
443 1539 531 1603 lratri
562 1561 622 1602 suo
653 1541 772 1603 seniori
804 1542 931 1604 uterino
964 1556 994 1603 et
1026 1542 1144 1604 carnali
1178 1541 1311 1604 donavit
1342 1557 1498 1628 perpetuo

230 1647 456 1731 possidendam
482 1661 513 1709 et
536 1647 708 1729 superinde
734 1661 780 1711 est
803 1647 894 1710 litera
918 1649 977 1710 sub
1002 1649 1155 1731 pendenti
1185 1649 1292 1732 sigillo
1317 1651 1498 1712 communi-

228 1755 301 1818 tatis
324 1755 568 1838 privilegialiter
599 1768 759 1817 emanata.

336 1861 414 1922 ltem
441 1861 552 1922 Petrus
583 1859 690 1942 judex,
720 1861 904 1942 Hungarus‚
937 1859 1022 1923 filius
1046 1861 1149 1940 Pauli,
1183 1862 1346 1944 quandam
1372 1863 1498 1926 vineam

230 1987 320 2029 suam
346 1968 379 2028 in
403 1967 564 2030 territorio
583 1967 720 2028 civitatis
738 1967 820 2029 inter
841 1968 969 2029 vineam
987 1968 1113 2030 Nicolai
1131 1969 1258 2048 sutoris,
1274 1989 1292 2030 a
1309 1969 1499 2048 meridione‚

231 2087 261 2136 et
285 2075 368 2136 inter
392 2075 518 2136 vineam
545 2073 710 2135 Benedicti
736 2072 885 2156 Gywani‚
910 2095 927 2135 a
949 2087 1038 2157 parte
1063 2074 1321 2157 septemtrionali
1345 2075 1498 2154 habitam,

231 2200 303 2242 cum
328 2179 470 2262 virgulto
495 2179 554 2241 sibi
580 2179 757 2260 subjacenti
783 2193 813 2242 et
837 2181 909 2242 aliis
929 2181 993 2242 suis
1018 2181 1211 2243 utilitatibus
1236 2196 1267 2244 et
1290 2181 1499 2264 pertinenciis

232 2287 390 2348 universis
427 2285 585 2370 Dyonisio
617 2284 779 2348 aurifabro
812 2285 879 2348 filio
912 2287 1011 2348 Marci
1044 2287 1202 2350 moderno
1234 2289 1337 2370 jurato
1362 2307 1421 2372 pro
1444 2289 1498 2350 tri·

230 2393 318 2474 ginta
341 2393 443 2455 tribus
467 2392 536 2456 flor.
561 2393 630 2454 auri
656 2392 801 2456 vendidit
825 2407 982 2476 perpetuo
1008 2393 1246 2476 possidendam.

337 2499 415 2561 ltem
440 2499 586 2561 Thomas
610 2497 751 2582 srenipar
775 2498 859 2562 filius
883 2501 1010 2562 Andree
1035 2501 1169 2563 totalem
1194 2521 1285 2563 suam
1311 2501 1497 2584 porcionem

232 2607 263 2667 in
288 2605 546 2687 quadamdomo
571 2621 694 2668 murata
719 2619 749 2667 et
774 2604 875 2668 lundo
908 2627 944 2668 ac
970 2605 1135 2686 hedificiis,
1168 2607 1250 2670 inter
1286 2608 1402 2669 domos
1433 2619 1498 2670 tam

232 2713 355 2793 ligneas
372 2731 469 2794 quam
494 2725 634 2774 muratas
657 2726 688 2773 et
713 2710 830 2774 fundos
865 2713 1005 2774 Ladislai
1038 2713 1078 2774 de
1104 2713 1282 2792 Drenowa,
1316 2727 1497 2796 aseptem·

231 2819 360 2880 trionali
384 2832 483 2901 parte,
508 2833 538 2879 et
563 2818 660 2880 Blasii
689 2817 812 2897 decani,
837 2819 1076 2882 ameridionali
1102 2835 1190 2901 parte
1220 2820 1373 2899 habitam,
1399 2839 1494 2882 unam

233 2939 379 3007 quartam
411 2925 497 2986 curie
529 2925 634 2986 inse
667 2925 885 2988 continentem
920 2925 1020 2988 Paulo
1061 2923 1128 2988 filio
1162 2926 1330 2989 Benedicti
1365 2926 1404 2988 de
1437 2926 1498 2988 De-

233 3033 376 3094 schewcz
401 3051 459 3114 pro
483 3031 727 3114 quatuordecim
752 3030 822 3094 flor.
854 3031 1000 3094 vendidit
1024 3045 1181 3114 perpetuo
1205 3032 1445 3116 possidendam.

337 3138 415 3200 Item
441 3137 579 3220 quedam
617 3138 734 3199 domus
766 3138 1006 3200 communitatis
1035 3139 1193 3200 censualis
1232 3153 1369 3218 murata,
1401 3139 1498 3201 simul

231 3263 304 3306 cum
329 3243 431 3306 fundo
456 3257 487 3306 et
511 3242 666 3305 hedificiis
691 3244 876 3306 incivitate
907 3244 1050 3328 predicta
1082 3265 1182 3328 prope
1207 3245 1383 3328 pretorium
1408 3265 1497 3307 com·

231 3351 405 3430 munitatis,
430 3352 511 3413 inter
535 3349 653 3414 fundos
676 3351 823 3414 similiter
847 3351 1014 3414 censuales
1046 3367 1076 3414 et
1100 3351 1340 3414 condicionales
1365 3351 1495 3414 Thome

231 3457 312 3521 labri
337 3473 368 3520 et
394 3459 479 3520 Luce
504 3459 633 3520 sartoris
659 3457 776 3536 habita,
801 3479 898 3520 unam
923 3473 1070 3540 quartam
1088 3459 1174 3520 curie
1205 3459 1236 3520 in
1261 3480 1294 3520 se
1320 3459 1498 3538 continens,

235 3565 337 3627 Paulo
363 3563 454 3626 labro
478 3563 545 3626 filio
571 3565 699 3626 Thome
725 3565 764 3626 de
790 3564 875 3627 Cilia
897 3565 955 3625 sub
980 3585 1078 3626 censu
1097 3563 1297 3648 infrascripto
1323 3581 1368 3626 est
1392 3565 1497 3628 litera·

232 3672 313 3734 torie
339 3684 455 3733 statuta
480 3685 636 3754 perpetuo
662 3671 856 3754 possidenda
881 3672 934 3750 ita,
956 3671 1045 3752 quod
1071 3671 1137 3754 ipse
1164 3671 1282 3733 Paulus
1306 3670 1394 3734 faber
1418 3661 1497 3754 quo'-

232 3778 311 3840 libet
335 3798 422 3840 anno
447 3779 540 3841 nobis
564 3797 622 3860 pro
650 3799 748 3840 censu
776 3797 876 3840 unum
908 3779 978 3840 flor.
1004 3779 1072 3839 auri
1106 3793 1137 3842 et
1162 3779 1251 3840 dacia
1284 3794 1433 3841 consveta
1458 3779 1498 3841 de

231 3885 344 3946 eadem
371 3884 470 3946 domo
496 3899 619 3946 murata
644 3899 675 3947 et
692 3883 794 3946 lundo
819 3885 985 3947 annuatim
1002 3904 1128 3967 semper
1156 3885 1340 3966 persolvere
1358 3885 1497 3950 debebit.

337 3991 415 4053 ltem
441 3990 572 4053 domina
599 3991 772 4052 Katherina
798 3991 906 4052 relicta
932 3992 1069 4052 condam
1097 3991 1227 4074 Mathye
1254 3992 1373 4053 Farlcas
1398 4011 1498 4074 quan-

234 4098 307 4160 dam
334 4097 468 4159 domum
493 4117 583 4160 suam
609 4097 750 4178 ligneam
780 4098 877 4159 simul
910 4117 981 4159 cum
1007 4095 1109 4159 fundo
1141 4111 1171 4160 et
1196 4098 1365 4160 medietate
1390 4098 1497 4160 celarii

231 4225 266 4267 ac
290 4202 448 4266 hedificiis
471 4205 554 4266 inter
577 4203 713 4266 fundum
740 4217 770 4266 et
787 4204 921 4266 domurn
940 4223 1030 4265 suam
1049 4219 1207 4265 muratam
1233 4218 1264 4266 et
1289 4204 1495 4266 medietatem

233 4311 328 4372 aliam
354 4311 462 4373 celarii
487 4311 620 4393 predicti
645 4331 681 4373 ac
702 4311 924 4374 hedificiorum
950 4332 967 4372 a
992 4325 1079 4392 parte
1110 4311 1369 4392 septemtrionali
1393 4311 1497 4388 sitam,

234 4437 269 4478 ac
293 4419 376 4480 inter
400 4418 466 4479 vias
490 4437 679 4479 communes
702 4418 794 4479 sitam
820 4431 850 4478 et
875 4418 1076 4493 existentem,
1100 4417 1241 4478 mediam
1269 4417 1389 4478 curiam
1415 4416 1496 4478 inse

234 4524 412 4602 continens,
436 4543 509 4586 cum
534 4525 599 4585 suis
625 4525 817 4586 utilitatibus
850 4539 880 4585 et
913 4523 1118 4605 pertinenciis
1143 4523 1298 4584 universis
1322 4523 1496 4584 Benedicto

234 4630 330 4710 judici
355 4629 425 4692 filio
452 4629 617 4692 Michaelis
641 4651 701 4713 pro
726 4631 855 4712 triginta
873 4629 941 4692 flor.
967 4631 1035 4692 auri
1061 4629 1206 4691 vendidit
1222 4629 1448 4711 possidendam
1466 4643 1497 4692 et

233 4735 406 4818 superinde
438 4737 543 4798 eidem
577 4736 752 4798 Benedicto
785 4737 883 4819 judici
916 4751 963 4799 est
994 4737 1084 4798 litera
1116 4737 1175 4797 sub
1206 4737 1357 4817 pendenti
1389 4736 1496 4817 sigillo

235 4842 476 4904 communitatis
499 4856 656 4905 emanata.

339 4948 418 5010 ltem
443 4949 574 5030 quidam
600 4947 719 5010 lundus
742 4968 861 5010 vacuus
885 4964 916 5011 et
939 4947 1095 5011 hedificiis
1119 4949 1246 5032 penitus
1270 4949 1439 5012 destitutus
1463 4949 1495 5010 in

236 5053 315 5117 dicta
341 5055 469 5118 civitate
494 5055 576 5118 inter
602 5056 717 5118 domos
744 5071 883 5118 muratas
916 5071 947 5118 et
973 5055 1091 5118 londos
1125 5054 1256 5137 Georgii
1282 5071 1313 5119 et
1338 5057 1495 5118 Lodouici
