3816 5802
475 781 551 842 Item
579 780 735 843 Martinus
759 799 847 842 rasor
871 794 902 841 et
924 793 1025 840 sartor
1042 797 1224 860 pannorum
1247 777 1332 839 iilius
1357 778 1456 840 Marci
1480 777 1637 860 quasdam

370 884 450 949 duas
473 887 582 948 vineas
606 905 679 948 suas
702 886 820 947 liberas
845 885 876 946 in
905 885 1067 946 territorio
1100 885 1236 946 civitatis
1260 883 1401 965 predicte
1428 884 1510 946 inter
1536 903 1637 965 quan-

371 993 442 1055 dam
468 993 564 1055 aliam
591 993 717 1054 vineam
741 1011 831 1053 suam
857 991 1129 1070 condicionalem,
1152 991 1192 1051 ab
1217 1011 1280 1052 una
1305 991 1397 1072 quasi
1422 992 1462 1051 ab
1486 990 1638 1053 occiden-

369 1099 424 1160 tali
449 1113 549 1180 parte,
575 1113 605 1160 et
630 1099 712 1160 inter
735 1098 864 1158 vineam
889 1097 1036 1158 similiter
1070 1097 1204 1159 liberam
1238 1097 1394 1159 heredum
1419 1110 1450 1159 et
1474 1116 1637 1159 successo·

371 1225 441 1266 rum
466 1205 605 1266 condam
630 1204 720 1265 Pauli
751 1203 826 1264 dicti
852 1202 1077 1287 Zydowchych
1111 1203 1247 1282 habitas,
1272 1204 1409 1286 desuper
1432 1224 1450 1264 a
1474 1203 1525 1265 via
1549 1222 1638 1265 com·

371 1312 461 1372 muni
485 1325 516 1373 et
539 1309 621 1372 inira
645 1328 746 1391 usque
771 1309 911 1371 rivulum
935 1329 968 1370 se
999 1309 1227 1389 extendentes,
1259 1330 1330 1372 cum
1356 1311 1423 1371 suis
1447 1310 1640 1372 utilitatibus

371 1431 401 1479 et
424 1417 633 1500 pertinenciis
670 1416 827 1477 universis
859 1416 953 1478 Petro
988 1415 1108 1500 lwsych
1133 1437 1190 1499 pto
1222 1417 1350 1498 triginta
1383 1437 1449 1478 uno
1473 1415 1544 1478 lior.
1569 1415 1638 1477 auri

370 1523 515 1586 vendidit
538 1537 693 1606 perpetuo
725 1522 933 1605 possidendas
964 1537 995 1584 et
1018 1522 1190 1605 superinde
1216 1536 1262 1585 est
1287 1523 1378 1585 litera
1399 1524 1457 1584 sub
1480 1523 1638 1606 pendenti

370 1629 477 1710 sigillo
510 1629 752 1691 communitatis
776 1643 932 1690 emanata.

476 1736 552 1798 ltetn
579 1735 691 1798 Vrsula
716 1734 781 1797 lilia
798 1735 935 1797 condam
961 1736 1072 1798 Jacobi
1093 1735 1152 1798 lilii
1169 1737 1290 1798 Vrbani
1316 1736 1479 1818 quandam
1499 1737 1636 1800 domum

369 1861 460 1904 suam
485 1861 557 1903 cum
582 1840 683 1904 fundo
709 1853 740 1904 et
763 1841 884 1924 (hlorto
908 1861 944 1903 ac
969 1841 1126 1904 hedificiis
1150 1843 1182 1904 in
1207 1844 1363 1905 suburbio
1388 1843 1471 1906 dicte
1496 1844 1636 1906 civitatis

371 1949 452 2010 inter
475 1947 628 2030 (h)ortum
653 1948 783 2010 domine
809 1947 981 2010 Comitisse
1007 1950 1046 2011 ab
1070 1950 1248 2027 occidente,
1278 1964 1308 2010 et
1333 1949 1414 2011 inter
1439 1938 1574 2012 domum
1600 1970 1637 2012 ac

371 2053 509 2116 fundum
533 2069 564 2116 et
587 2055 742 2136 (hlortum
766 2055 886 2116 Vrbani
920 2055 1028 2116 claudi
1063 2056 1223 2134 habitam,
1249 2075 1345 2116 unam
1379 2071 1525 2137 quartam
1550 2057 1638 2118 curie

371 2162 462 2225 inse
486 2162 715 2240 continentem,
741 2181 814 2222 cum
839 2161 904 2222 suis
928 2161 1134 2243 pertinenciis
1151 2162 1318 2224 Anthonio
1337 2162 1427 2225 labro
1452 2163 1520 2224 filio
1539 2163 1638 2224 Blasii

371 2267 495 2330 concivi
520 2281 629 2330 nostro
653 2268 722 2329 viro
747 2287 806 2329 suo
831 2267 990 2350 legittimo
1015 2269 1147 2330 donavit
1170 2284 1326 2352 perpetuo
1353 2269 1581 2352 possidendam
1607 2283 1638 2330 et

370 2373 543 2456 superinde
567 2387 614 2436 est
630 2374 690 2435 sibi
715 2373 805 2435 litera
832 2375 1042 2456 privilegialis
1066 2376 1125 2436 sub
1141 2375 1295 2456 pendenti
1320 2375 1428 2457 sigillo
1454 2376 1637 2437 communi·

370 2480 443 2542 tatis
467 2495 624 2542 emanata.

476 2587 554 2649 ltem
580 2586 781 2669 Margaretha
813 2587 923 2648 relicta
956 2588 1092 2650 condam
1130 2588 1221 2650 Pauli
1255 2585 1394 2671 Gerych,
1427 2589 1635 2650 medietatem

371 2693 535 2754 cuiusdam
562 2693 679 2754 domus
704 2706 734 2755 et
758 2691 850 2754 fundi
882 2713 918 2754 ac
950 2693 1058 2755 celarii
1091 2695 1301 2773 subterranei,
1335 2695 1523 2777 porcionem
1548 2694 1636 2755 vide-

371 2800 446 2863 licet
469 2801 568 2882 ipsius
593 2799 683 2861 Pauli
704 2798 829 2884 Gerych
847 2799 906 2861 viri
923 2801 983 2878 sui,
1001 2819 1074 2861 curn
1091 2801 1156 2861 suis
1173 2801 1365 2863 utilitatibus
1382 2816 1413 2862 et
1429 2801 1637 2883 pertinenciis

371 2907 527 2968 universis
552 2906 709 2988 Gregorio
742 2906 890 2968 barberio
923 2907 990 2969 filio
1023 2907 1129 2988 Egidii
1162 2909 1202 2970 de
1236 2908 1357 2990 Posega
1389 2927 1475 2970 novo
1500 2905 1636 2992 [concivi

371 3027 480 3076 nostro
504 3028 670 3096 procerte
696 3013 905 3094 pecuniarum
931 3014 1108 3095 quantitate
1126 3014 1271 3076 vendidit
1288 3029 1443 3097 perpetuo
1468 3015 1636 3096 possiden-

371 3121 445 3181 dam
459 3133 490 3182 et
502 3120 673 3203 superinde
689 3133 735 3182 est
747 3120 839 3181 litera
856 3122 914 3180 sub
927 3119 1080 3202 pendenti
1098 3120 1206 3202 sigillo
1221 3121 1460 3183 communitatis
1477 3135 1635 3184 emanata.

477 3225 555 3289 ltem
581 3223 769 3288 Valentinus
793 3226 1005 3288 Metkadanth
1034 3226 1118 3288 filius
1150 3227 1239 3288 Pauli
1275 3227 1314 3289 de
1338 3228 1507 3306 Vrbowcz,
1533 3247 1635 3310 quan·

372 3333 446 3395 dam
470 3334 645 3395 sessionem
668 3352 758 3394 suam
783 3331 1021 3414 jobagionalem
1047 3334 1078 3394 in
1104 3333 1264 3396 territorio
1289 3334 1424 3395 civitatis
1449 3353 1549 3416 prope
1574 3333 1635 3395 llu-

372 3440 461 3501 vium
485 3441 579 3502 Zawe
605 3440 637 3500 in
656 3439 731 3501 villa
750 3439 910 3521 Pobresya
927 3440 959 3500 in
981 3439 1143 3500 vicinitate
1171 3440 1336 3502 cuiusdam
1354 3440 1443 3502 fluvii
1469 3440 1636 3502 Borchena

372 3546 477 3608 mlalra
502 3558 533 3608 et
556 3547 638 3608 inter
672 3545 768 3606 aliam
792 3545 968 3607 sessionem
1002 3565 1092 3607 suam
1125 3548 1164 3607 ab
1194 3547 1317 3608 oriente
1349 3547 1503 3626 habitam,
1536 3547 1633 3608 simul

372 3673 444 3715 cum
468 3653 559 3714 terris
583 3651 758 3714 arabilibus
775 3651 936 3734 Delnycze
961 3665 992 3712 et
1010 3651 1235 3736 Srebynnycze
1253 3653 1383 3732 vocatis,
1409 3673 1446 3714 ac
1463 3673 1535 3714 cum
1554 3673 1634 3734 quo-

372 3761 446 3821 dam
470 3757 560 3820 lenili
584 3759 704 3820 ibidem
730 3777 830 3841 prope
854 3758 975 3837 habito,
1002 3759 1093 3820 metis
1130 3774 1286 3820 certarum
1312 3761 1462 3822 arborum
1487 3760 1635 3821 crucibus

372 3867 568 3948 signatarum
592 3865 844 3944 circumvallato,
869 3865 1003 3947 provide
1029 3866 1156 3927 mulieri
1182 3867 1282 3928 Elene
1307 3867 1397 3928 aliter
1422 3867 1486 3928 llka
1513 3879 1633 3945 vocate,

372 3971 436 4034 filie
462 3972 598 4034 condam
637 3972 782 4034 Barnabe
814 3970 872 4032 filii
904 3969 1017 4053 prefati
1052 3973 1153 4051 Pauli,
1187 3971 1291 4034 fratris
1322 3973 1472 4034 videlicet
1492 3973 1552 4051 sui,
1576 3991 1634 4054 pro

372 4077 513 4139 serviciis
536 4077 601 4138 suis
624 4075 775 4139 fidelibus
799 4098 834 4138 ac
858 4097 915 4160 per
932 4097 1006 4138 eum
1026 4079 1170 4140 Fabiano
1187 4077 1254 4140 filio
1280 4078 1411 4160 Georgii
1430 4077 1633 4162 llankowych

372 4189 441 4248 viro
466 4187 565 4269 ipsius
590 4187 690 4247 Elene
714 4185 872 4268 legittimo
897 4199 928 4246 et
952 4205 1008 4267 per
1025 4205 1080 4246 eos
1104 4187 1247 4268 ipsorum
1266 4186 1437 4248 heredibus
1454 4186 1540 4266 juxta
1559 4205 1633 4246 con·
1697 4227 1700 4238 ·

372 4307 457 4354 tenta
481 4293 645 4355 literarum
672 4292 922 4373 privilegialium
946 4292 1118 4374 superinde
1142 4312 1201 4374 pro
1226 4307 1313 4374 parte
1339 4294 1483 4374 ipsorum
1508 4291 1634 4354 confec·

371 4413 476 4462 tarum
502 4400 591 4461 dedit
614 4413 771 4481 perpetuo
793 4398 1021 4480 possidendam
1046 4413 1076 4459 et
1093 4399 1265 4481 superinde
1290 4411 1337 4460 est
1359 4398 1449 4460 litera
1474 4402 1533 4459 sub
1556 4417 1632 4478 pen·

373 4507 460 4569 denti
492 4505 599 4587 sigillo
624 4505 862 4568 communitatis
894 4519 1050 4568 emanata.

412 4675 496 4748 Item
524 4678 557 4746 in
586 4674 703 4765 vigilia
742 4676 820 4747 lasti
859 4674 1111 4748 Purifieacionis
1145 4675 1286 4764 virginis
1314 4677 1461 4764 gloriose
1491 4676 1604 4747 llarie.

880 4823 920 4886 (1.
937 4809 1114 4887 fibruarit).

479 4935 555 4997 ltem
576 4935 714 5017 quedam
732 4949 813 4996 terra
834 4935 963 4996 arabilis
980 4953 1052 4996 cum
1079 4932 1169 4995 senili
1188 4933 1247 4994 sibi
1267 4932 1449 5014 conjuncto,
1467 4933 1498 4993 in
1517 4951 1631 5014 campo

374 5041 509 5106 civitatis
533 5043 673 5126 predicte
708 5043 790 5105 inter
822 5055 937 5104 terram
972 5055 1077 5103 nostre
1109 5039 1351 5102 communitatis
1377 5052 1408 5101 et
1441 5039 1523 5100 inter
1547 5037 1631 5101 viam
