3832 5804
788 529 873 586 Anno
896 523 989 604 [448.
1465 527 1521 608 185

361 738 438 800 Item
464 735 645 819 Stephanus
669 735 809 801 carnifex
833 739 937 802 dictus
961 740 1070 821 Zayko
1095 737 1180 802 filius
1206 742 1327 820 Maren,
1354 741 1516 824 quandam

257 845 391 907 domum
416 864 506 906 suam
531 863 603 906 cum
630 843 731 906 fundo
763 859 793 907 et
825 846 943 908 celario
975 847 1183 909 subterraneo
1217 867 1252 909 ac
1285 847 1418 910 edificiis
1442 849 1524 911 inter

255 953 403 1015 semitam
427 971 636 1014 communem
661 965 692 1014 et
724 951 966 1014 interstandum
999 953 1174 1015 liberorum
1208 955 1346 1016 condam
1372 955 1520 1038 Gregorii
1595 955 1599 962 “

257 1058 439 1143 Jagychych
464 1058 617 1136 habitam,
642 1059 783 1120 mediam
812 1059 933 1120 curiam
957 1059 997 1120 ad
1022 1078 1116 1121 usum
1135 1059 1271 1121 civitatis
1295 1059 1414 1143 prefate
1441 1062 1523 1124 inse

257 1166 488 1244 continentem,
507 1165 636 1249 Matbye
653 1164 721 1228 filio
738 1165 895 1228 Anthonii
910 1166 948 1226 de
975 1166 1142 1249 Selnycza,
1156 1187 1241 1228 novo
1259 1168 1383 1229 concivi
1402 1183 1522 1246 nostru,

256 1285 460 1356 proneptem
486 1271 554 1336 flor.
580 1272 648 1334 auri
673 1271 819 1334 vendidit
852 1287 1008 1355 perpetuo
1032 1271 1261 1355 possidendam
1293 1289 1323 1334 et
1347 1274 1519 1356 superinde

259 1395 305 1441 est
328 1379 419 1441 litera
444 1381 503 1441 sub
520 1378 675 1460 pendenti
699 1377 807 1459 sigillo
832 1379 1073 1440 communitatis
1098 1393 1254 1442 emanata.

364 1485 440 1549 Item
466 1484 630 1547 iohannes
654 1485 749 1564 judex
774 1483 859 1546 filius
883 1485 1021 1546 condam
1048 1485 1128 1547 Pero
1156 1485 1261 1566 jurati,
1285 1486 1448 1567 quandam
1475 1486 1521 1546 vi·

258 1611 350 1654 neam
375 1611 465 1654 suam
490 1591 576 1674 juxta
601 1605 746 1653 montem
771 1590 864 1652 llicza
889 1605 1038 1652 vocatum
1071 1592 1103 1652 in
1128 1591 1292 1652 vicinitate
1325 1591 1417 1653 vinee
1443 1591 1523 1653 lihe-

258 1718 368 1761 rorum
393 1698 530 1760 condam
560 1697 693 1779 Georgii
723 1697 1001 1780 Czaranthowych
1034 1695 1189 1776 habitam,
1214 1697 1343 1780 Mathye
1368 1696 1436 1759 filio
1460 1703 1525 1760 Au-

258 1805 360 1867 thonii
385 1807 426 1868 de
451 1805 607 1888 Selnycza
632 1825 690 1887 pro
714 1805 828 1884 viginti
865 1804 934 1868 flor.
967 1804 1035 1866 auri
1068 1805 1214 1866 vendidit
1245 1819 1400 1887 perpetuo
1424 1805 1523 1888 possi-

260 1911 400 1974 dendam
426 1925 457 1974 et
480 1910 653 1994 superinde
678 1924 726 1972 est
748 1910 808 1972 sibi
827 1907 943 1994 (litera)
966 1911 1025 1971 sub
1042 1909 1194 1991 pendenti
1212 1910 1319 1992 sigillo
1344 1911 1525 1972 communi-

259 2031 288 2080 ta
305 2019 331 2079 is
356 2031 513 2080 emanata.

290 2031 304 2081 t
365 2106 445 2169 Item
470 2106 571 2168 Elena
596 2105 705 2166 relicta
730 2104 844 2187 prefati
871 2105 1009 2168 condam
1029 2105 1162 2188 Georgii
1188 2105 1466 2189 Czaranthowych
1492 2107 1524 2168 in

259 2233 315 2275 sna
341 2227 371 2276 et
396 2213 531 2295 Agnetis
548 2233 583 2274 ac
601 2211 777 2296 Elyzabeth
796 2211 934 2274 filiarum
952 2231 1093 2290 suarum,
1111 2212 1272 2295 quandam
1290 2212 1417 2274 vineam
1434 2231 1524 2274 suam

261 2321 292 2382 in
318 2321 481 2383 vicinitate
506 2321 648 2403 predicte
672 2321 765 2382 vinee
784 2321 883 2403 ipsius
904 2320 1046 2404 Mathye,
1072 2321 1176 2382 eidem
1195 2319 1325 2402 Mathye
1349 2339 1407 2402 pro
1423 2321 1525 2382 tribus

261 2427 329 2493 flor.
369 2426 516 2489 vendidit
539 2440 695 2509 perpetuo
729 2426 957 2508 possidendam
990 2443 1020 2488 et
1051 2426 1223 2508 superinde
1248 2439 1294 2488 est
1324 2425 1384 2487 sibi
1410 2425 1525 2508 (litera)

260 2537 318 2596 sub
343 2534 497 2618 pendenti
522 2533 629 2615 sigillo
655 2533 895 2595 communitatis
920 2545 1076 2597 emanata.

368 2641 446 2703 Item
472 2641 575 2702 Lucas
598 2640 739 2721 agricola
763 2639 848 2702 filius
872 2639 1010 2702 condam
1028 2639 1161 2722 Georgii
1186 2639 1337 2721 agricole,
1362 2639 1525 2721 quandam

261 2748 389 2808 vineam
412 2765 503 2808 suam
530 2747 611 2808 inter
628 2746 755 2807 vineam
778 2746 863 2808 Luce
882 2745 1120 2829 Baldekowych
1138 2761 1168 2808 et
1185 2747 1362 2808 liberorum
1388 2747 1524 2807 condam

264 2853 414 2937 Symonis
438 2852 636 2938 Zmolchych
669 2851 832 2932 habitam,
868 2853 960 2914 Petro
993 2853 1131 2914 institori
1162 2851 1229 2915 filio
1261 2851 1427 2915 Michaelis
1450 2871 1525 2914 ven·

263 2959 343 3021 didit
366 2973 523 3042 perpetuo
540 2958 768 3041 possidendam
786 2972 817 3021 et
838 2958 1011 3041 superinde
1029 2973 1075 3020 est
1091 2959 1153 3020 sibi
1170 2959 1261 3022 litera
1286 2961 1346 3020 sub
1371 2957 1525 3041 pendenti

261 3067 368 3149 sigillo
393 3067 633 3129 communitatis
657 3081 814 3128 emanata.
