<?xml version="1.0" encoding="UTF-8"?>
<!DOCTYPE html PUBLIC "-//W3C//DTD XHTML 1.0 Transitional//EN"
    "http://www.w3.org/TR/xhtml1/DTD/xhtml1-transitional.dtd">
<html xmlns="http://www.w3.org/1999/xhtml" xml:lang="en" lang="en">
 <head>
  <title>
</title>
<meta http-equiv="Content-Type" content="text/html;charset=utf-8" />
  <meta name='ocr-system' content='tesseract 3.04.00' />
  <meta name='ocr-capabilities' content='ocr_page ocr_carea ocr_par ocr_line ocrx_word'/>
</head>
<body>
  <div class='ocr_page' id='page_1' title='image "./monumentahistor21laszgoog_0210.png"; bbox 0 0 3832 5804; ppageno 0'>
   <div class='ocr_carea' id='block_1_1' title="bbox 718 1581 1327 1684">
    <p class='ocr_par' dir='ltr' id='par_1_1' title="bbox 718 1581 1327 1684">
     <span class='ocr_line' id='line_1_1' title="bbox 718 1581 1327 1684; baseline 0 -14"><span class='ocrx_word' id='word_1_1' title='bbox 718 1583 845 1680; x_wconf 84' lang='lat' dir='ltr'>(Anno</span> <span class='ocrx_word' id='word_1_2' title='bbox 874 1582 1030 1671; x_wconf 86' lang='lat' dir='ltr'><strong>Domini</strong></span> <span class='ocrx_word' id='word_1_3' title='bbox 1057 1581 1327 1684; x_wconf 82' lang='lat' dir='ltr'>MGGGGLVI.)</span> 
     </span>
    </p>
   </div>
   <div class='ocr_carea' id='block_1_2' title="bbox 392 1921 1659 3016">
    <p class='ocr_par' dir='ltr' id='par_1_2' title="bbox 392 1921 1659 3016">
     <span class='ocr_line' id='line_1_2' title="bbox 393 1921 1656 2023; baseline 0 -25"><span class='ocrx_word' id='word_1_4' title='bbox 393 1921 482 1998; x_wconf 86' lang='lat' dir='ltr'><strong>Item</strong></span> <span class='ocrx_word' id='word_1_5' title='bbox 512 1924 545 1998; x_wconf 95' lang='lat' dir='ltr'>in</span> <span class='ocrx_word' id='word_1_6' title='bbox 572 1947 666 1998; x_wconf 90' lang='lat' dir='ltr'>anno</span> <span class='ocrx_word' id='word_1_7' title='bbox 697 1921 840 1998; x_wconf 86' lang='lat' dir='ltr'>Domini</span> <span class='ocrx_word' id='word_1_8' title='bbox 880 1924 1066 1998; x_wconf 87' lang='lat' dir='ltr'>millesimo</span> <span class='ocrx_word' id='word_1_9' title='bbox 1104 1924 1460 2023; x_wconf 86' lang='lat' dir='ltr'>quadringentesimo</span> <span class='ocrx_word' id='word_1_10' title='bbox 1489 1923 1656 2022; x_wconf 90' lang='lat' dir='ltr'>quinqua-</span> 
     </span>
     <span class='ocr_line' id='line_1_3' title="bbox 392 2044 1657 2147; baseline 0.001 -26"><span class='ocrx_word' id='word_1_11' title='bbox 392 2047 534 2146; x_wconf 85' lang='lat' dir='ltr'>gesimo</span> <span class='ocrx_word' id='word_1_12' title='bbox 564 2055 680 2136; x_wconf 88' lang='lat' dir='ltr'>sexto,</span> <span class='ocrx_word' id='word_1_13' title='bbox 700 2046 789 2123; x_wconf 86' lang='lat' dir='ltr'>feria</span> <span class='ocrx_word' id='word_1_14' title='bbox 818 2055 923 2122; x_wconf 87' lang='lat' dir='ltr'>sexta</span> <span class='ocrx_word' id='word_1_15' title='bbox 948 2049 1108 2146; x_wconf 84' lang='lat' dir='ltr'>proxima</span> <span class='ocrx_word' id='word_1_16' title='bbox 1134 2055 1220 2147; x_wconf 91' lang='lat' dir='ltr'>post</span> <span class='ocrx_word' id='word_1_17' title='bbox 1246 2047 1378 2122; x_wconf 87' lang='lat' dir='ltr'>festum</span> <span class='ocrx_word' id='word_1_18' title='bbox 1399 2044 1657 2122; x_wconf 91' lang='lat' dir='ltr'>Conversionis</span> 
     </span>
     <span class='ocr_line' id='line_1_4' title="bbox 393 2168 1656 2272; baseline -0.003 -24"><span class='ocrx_word' id='word_1_19' title='bbox 393 2173 490 2248; x_wconf 88' lang='lat' dir='ltr'>beati</span> <span class='ocrx_word' id='word_1_20' title='bbox 520 2173 620 2248; x_wconf 87' lang='lat' dir='ltr'>Pauli</span> <span class='ocrx_word' id='word_1_21' title='bbox 648 2172 817 2272; x_wconf 87' lang='lat' dir='ltr'>apostoli,</span> <span class='ocrx_word' id='word_1_22' title='bbox 837 2195 927 2248; x_wconf 92' lang='lat' dir='ltr'>nunc</span> <span class='ocrx_word' id='word_1_23' title='bbox 948 2173 1108 2272; x_wconf 79' lang='lat' dir='ltr'>proxime</span> <span class='ocrx_word' id='word_1_24' title='bbox 1129 2173 1354 2271; x_wconf 90' lang='lat' dir='ltr'>preteritum,</span> <span class='ocrx_word' id='word_1_25' title='bbox 1375 2181 1540 2271; x_wconf 92' lang='lat' dir='ltr'>tempore</span> <span class='ocrx_word' id='word_1_26' title='bbox 1564 2168 1656 2270; x_wconf 87' lang='lat' dir='ltr'>judi·</span> 
     </span>
     <span class='ocr_line' id='line_1_5' title="bbox 396 2294 1656 2394; baseline -0.002 -23"><span class='ocrx_word' id='word_1_27' title='bbox 396 2304 499 2372; x_wconf 88' lang='lat' dir='ltr'>catus</span> <span class='ocrx_word' id='word_1_28' title='bbox 529 2297 675 2372; x_wconf 91' lang='lat' dir='ltr'>secundi</span> <span class='ocrx_word' id='word_1_29' title='bbox 705 2297 768 2370; x_wconf 91' lang='lat' dir='ltr'>viri</span> <span class='ocrx_word' id='word_1_30' title='bbox 797 2297 935 2394; x_wconf 86' lang='lat' dir='ltr'>providi</span> <span class='ocrx_word' id='word_1_31' title='bbox 973 2305 1012 2371; x_wconf 91' lang='lat' dir='ltr'>et</span> <span class='ocrx_word' id='word_1_32' title='bbox 1048 2297 1191 2371; x_wconf 86' lang='lat' dir='ltr'>honesti</span> <span class='ocrx_word' id='word_1_33' title='bbox 1220 2294 1360 2370; x_wconf 88' lang='lat' dir='ltr'>Nicolai</span> <span class='ocrx_word' id='word_1_34' title='bbox 1388 2295 1513 2390; x_wconf 93' lang='lat' dir='ltr'>judicis</span> <span class='ocrx_word' id='word_1_35' title='bbox 1542 2298 1656 2372; x_wconf 88' lang='lat' dir='ltr'>nostri</span> 
     </span>
     <span class='ocr_line' id='line_1_6' title="bbox 394 2418 1659 2520; baseline -0.001 -25"><span class='ocrx_word' id='word_1_36' title='bbox 394 2420 554 2496; x_wconf 91' lang='lat' dir='ltr'>moderni</span> <span class='ocrx_word' id='word_1_37' title='bbox 582 2419 640 2495; x_wconf 89' lang='lat' dir='ltr'>filii</span> <span class='ocrx_word' id='word_1_38' title='bbox 670 2419 845 2496; x_wconf 86' lang='lat' dir='ltr'>Demetrii</span> <span class='ocrx_word' id='word_1_39' title='bbox 883 2444 1034 2520; x_wconf 88' lang='lat' dir='ltr'>presens</span> <span class='ocrx_word' id='word_1_40' title='bbox 1063 2422 1251 2496; x_wconf 87' lang='lat' dir='ltr'>katernum</span> <span class='ocrx_word' id='word_1_41' title='bbox 1291 2427 1351 2494; x_wconf 93' lang='lat' dir='ltr'>est</span> <span class='ocrx_word' id='word_1_42' title='bbox 1386 2418 1519 2493; x_wconf 87' lang='lat' dir='ltr'>factum</span> <span class='ocrx_word' id='word_1_43' title='bbox 1550 2443 1659 2518; x_wconf 92' lang='lat' dir='ltr'>super</span> 
     </span>
     <span class='ocr_line' id='line_1_7' title="bbox 397 2543 1657 2643; baseline 0 -25"><span class='ocrx_word' id='word_1_44' title='bbox 397 2544 681 2642; x_wconf 80' lang='lat' dir='ltr'>consignatione</span> <span class='ocrx_word' id='word_1_45' title='bbox 712 2544 894 2619; x_wconf 88' lang='lat' dir='ltr'>literarum</span> <span class='ocrx_word' id='word_1_46' title='bbox 923 2543 1198 2643; x_wconf 85' lang='lat' dir='ltr'>privilegialium</span> <span class='ocrx_word' id='word_1_47' title='bbox 1227 2543 1292 2618; x_wconf 93' lang='lat' dir='ltr'>sub</span> <span class='ocrx_word' id='word_1_48' title='bbox 1330 2543 1500 2642; x_wconf 89' lang='lat' dir='ltr'>pendenti</span> <span class='ocrx_word' id='word_1_49' title='bbox 1537 2543 1657 2642; x_wconf 86' lang='lat' dir='ltr'>sigillo</span> 
     </span>
     <span class='ocr_line' id='line_1_8' title="bbox 395 2667 1657 2766; baseline 0 -24"><span class='ocrx_word' id='word_1_50' title='bbox 395 2669 663 2743; x_wconf 90' lang='lat' dir='ltr'>communitatis</span> <span class='ocrx_word' id='word_1_51' title='bbox 700 2691 766 2766; x_wconf 91' lang='lat' dir='ltr'>pro</span> <span class='ocrx_word' id='word_1_52' title='bbox 802 2676 907 2764; x_wconf 86' lang='lat' dir='ltr'>parte</span> <span class='ocrx_word' id='word_1_53' title='bbox 947 2669 1073 2744; x_wconf 89' lang='lat' dir='ltr'>civium</span> <span class='ocrx_word' id='word_1_54' title='bbox 1108 2675 1145 2744; x_wconf 94' lang='lat' dir='ltr'>et</span> <span class='ocrx_word' id='word_1_55' title='bbox 1183 2667 1462 2743; x_wconf 85' lang='lat' dir='ltr'>inhabitatorum</span> <span class='ocrx_word' id='word_1_56' title='bbox 1501 2667 1657 2742; x_wconf 88' lang='lat' dir='ltr'>civitatis</span> 
     </span>
     <span class='ocr_line' id='line_1_9' title="bbox 394 2791 1657 2891; baseline 0 -25"><span class='ocrx_word' id='word_1_57' title='bbox 394 2791 557 2891; x_wconf 91' lang='lat' dir='ltr'>predicte</span> <span class='ocrx_word' id='word_1_58' title='bbox 586 2791 831 2868; x_wconf 86' lang='lat' dir='ltr'>confectarum</span> <span class='ocrx_word' id='word_1_59' title='bbox 862 2801 900 2868; x_wconf 91' lang='lat' dir='ltr'>et</span> <span class='ocrx_word' id='word_1_60' title='bbox 925 2802 1171 2868; x_wconf 85' lang='lat' dir='ltr'>emanatarum</span> <span class='ocrx_word' id='word_1_61' title='bbox 1192 2791 1300 2867; x_wconf 92' lang='lat' dir='ltr'>modo</span> <span class='ocrx_word' id='word_1_62' title='bbox 1331 2801 1369 2867; x_wconf 96' lang='lat' dir='ltr'>et</span> <span class='ocrx_word' id='word_1_63' title='bbox 1397 2791 1521 2866; x_wconf 88' lang='lat' dir='ltr'>ordine</span> <span class='ocrx_word' id='word_1_64' title='bbox 1551 2791 1657 2866; x_wconf 87' lang='lat' dir='ltr'>infra-</span> 
     </span>
     <span class='ocr_line' id='line_1_10' title="bbox 949 2917 1105 3016; baseline -0.013 -25"><span class='ocrx_word' id='word_1_65' title='bbox 949 2917 1105 3016; x_wconf 78' lang='lat' dir='ltr'>scriptis,</span> 
     </span>
    </p>
   </div>
   <div class='ocr_carea' id='block_1_3' title="bbox 912 3165 1157 3241">
    <p class='ocr_par' dir='ltr' id='par_1_3' title="bbox 912 3165 1157 3241">
     <span class='ocr_line' id='line_1_11' title="bbox 912 3165 1157 3241; baseline 0.004 -18"><span class='ocrx_word' id='word_1_66' title='bbox 912 3169 975 3241; x_wconf 78' lang='lat'><em>(30.</em></span> <span class='ocrx_word' id='word_1_67' title='bbox 992 3165 1157 3240; x_wconf 84' lang='lat' dir='ltr'>januarii).</span> 
     </span>
    </p>
   </div>
   <div class='ocr_carea' id='block_1_4' title="bbox 393 3303 1660 5087">
    <p class='ocr_par' dir='ltr' id='par_1_4' title="bbox 393 3303 1659 4108">
     <span class='ocr_line' id='line_1_12' title="bbox 501 3303 1659 3386; baseline -0.001 -20"><span class='ocrx_word' id='word_1_68' title='bbox 501 3304 578 3366; x_wconf 89' lang='lat' dir='ltr'>Item</span> <span class='ocrx_word' id='word_1_69' title='bbox 605 3306 708 3366; x_wconf 87' lang='lat' dir='ltr'>Lucas</span> <span class='ocrx_word' id='word_1_70' title='bbox 732 3305 873 3386; x_wconf 85' lang='lat' dir='ltr'>agricola</span> <span class='ocrx_word' id='word_1_71' title='bbox 899 3305 985 3366; x_wconf 86' lang='lat' dir='ltr'>filius</span> <span class='ocrx_word' id='word_1_72' title='bbox 1017 3305 1153 3368; x_wconf 85' lang='lat' dir='ltr'>condam</span> <span class='ocrx_word' id='word_1_73' title='bbox 1181 3303 1400 3366; x_wconf 75' lang='lat' dir='ltr'>bartholomei</span> <span class='ocrx_word' id='word_1_74' title='bbox 1427 3303 1547 3366; x_wconf 85' lang='lat' dir='ltr'>Baldeh</span> <span class='ocrx_word' id='word_1_75' title='bbox 1572 3305 1659 3384; x_wconf 84' lang='lat' dir='ltr'>dicti,</span> 
     </span>
     <span class='ocr_line' id='line_1_13' title="bbox 395 3410 1659 3493; baseline 0.002 -22"><span class='ocrx_word' id='word_1_76' title='bbox 395 3410 556 3492; x_wconf 87' lang='lat' dir='ltr'>quandam</span> <span class='ocrx_word' id='word_1_77' title='bbox 583 3412 709 3472; x_wconf 87' lang='lat' dir='ltr'>vineam</span> <span class='ocrx_word' id='word_1_78' title='bbox 734 3432 825 3472; x_wconf 90' lang='lat' dir='ltr'>suam</span> <span class='ocrx_word' id='word_1_79' title='bbox 851 3413 881 3472; x_wconf 92' lang='lat' dir='ltr'>in</span> <span class='ocrx_word' id='word_1_80' title='bbox 906 3412 1067 3474; x_wconf 91' lang='lat' dir='ltr'>territorio</span> <span class='ocrx_word' id='word_1_81' title='bbox 1093 3411 1229 3473; x_wconf 83' lang='lat' dir='ltr'>civitatis</span> <span class='ocrx_word' id='word_1_82' title='bbox 1248 3411 1390 3492; x_wconf 84' lang='lat' dir='ltr'>predicte</span> <span class='ocrx_word' id='word_1_83' title='bbox 1416 3430 1516 3493; x_wconf 90' lang='lat' dir='ltr'>prope</span> <span class='ocrx_word' id='word_1_84' title='bbox 1541 3413 1659 3473; x_wconf 92' lang='lat' dir='ltr'>rnonti·</span> 
     </span>
     <span class='ocr_line' id='line_1_14' title="bbox 395 3515 1658 3598; baseline 0.001 -20"><span class='ocrx_word' id='word_1_85' title='bbox 395 3516 503 3578; x_wconf 89' lang='lat' dir='ltr'>culum</span> <span class='ocrx_word' id='word_1_86' title='bbox 530 3517 712 3596; x_wconf 80' lang='lat' dir='ltr'>vigiliarum</span> <span class='ocrx_word' id='word_1_87' title='bbox 739 3519 820 3579; x_wconf 88' lang='lat' dir='ltr'>inter</span> <span class='ocrx_word' id='word_1_88' title='bbox 845 3518 971 3578; x_wconf 85' lang='lat' dir='ltr'>vineam</span> <span class='ocrx_word' id='word_1_89' title='bbox 998 3519 1142 3579; x_wconf 86' lang='lat' dir='ltr'>Barnabe</span> <span class='ocrx_word' id='word_1_90' title='bbox 1176 3515 1394 3598; x_wconf 90' lang='lat' dir='ltr'>Kudrowych,</span> <span class='ocrx_word' id='word_1_91' title='bbox 1426 3518 1466 3577; x_wconf 83' lang='lat' dir='ltr'>ab</span> <span class='ocrx_word' id='word_1_92' title='bbox 1491 3517 1658 3580; x_wconf 87' lang='lat' dir='ltr'>occidente</span> 
     </span>
     <span class='ocr_line' id='line_1_15' title="bbox 395 3613 1659 3704; baseline 0.003 -22"><span class='ocrx_word' id='word_1_93' title='bbox 395 3636 426 3684; x_wconf 89' lang='lat' dir='ltr'>et</span> <span class='ocrx_word' id='word_1_94' title='bbox 451 3623 532 3684; x_wconf 88' lang='lat' dir='ltr'>inter</span> <span class='ocrx_word' id='word_1_95' title='bbox 557 3623 684 3684; x_wconf 83' lang='lat' dir='ltr'>vineam</span> <span class='ocrx_word' id='word_1_96' title='bbox 709 3624 966 3685; x_wconf 87' lang='lat' dir='ltr'>condicionalem</span> <span class='ocrx_word' id='word_1_97' title='bbox 994 3623 1134 3684; x_wconf 88' lang='lat' dir='ltr'>Ladislai</span> <span class='ocrx_word' id='word_1_98' title='bbox 1168 3623 1261 3704; x_wconf 81' lang='lat' dir='ltr'>jurati</span> <span class='ocrx_word' id='word_1_99' title='bbox 1288 3624 1387 3684; x_wconf 87' lang='lat' dir='ltr'>nostri</span> <span class='ocrx_word' id='word_1_100' title='bbox 1415 3613 1579 3702; x_wconf 58' lang='lat' dir='ltr'>moderni,&#39;</span> <span class='ocrx_word' id='word_1_101' title='bbox 1601 3626 1659 3686; x_wconf 93' lang='lat' dir='ltr'>sub</span> 
     </span>
     <span class='ocr_line' id='line_1_16' title="bbox 395 3727 1659 3810; baseline 0.001 -21"><span class='ocrx_word' id='word_1_102' title='bbox 395 3728 488 3790; x_wconf 87' lang='lat' dir='ltr'>metis</span> <span class='ocrx_word' id='word_1_103' title='bbox 513 3728 543 3788; x_wconf 92' lang='lat' dir='ltr'>in</span> <span class='ocrx_word' id='word_1_104' title='bbox 570 3728 661 3790; x_wconf 88' lang='lat' dir='ltr'>litera</span> <span class='ocrx_word' id='word_1_105' title='bbox 686 3730 877 3810; x_wconf 83' lang='lat' dir='ltr'>privilegiali</span> <span class='ocrx_word' id='word_1_106' title='bbox 897 3731 1054 3791; x_wconf 89' lang='lat' dir='ltr'>contentis</span> <span class='ocrx_word' id='word_1_107' title='bbox 1076 3729 1205 3791; x_wconf 90' lang='lat' dir='ltr'>Thome</span> <span class='ocrx_word' id='word_1_108' title='bbox 1223 3729 1308 3790; x_wconf 88' lang='lat' dir='ltr'>dicto</span> <span class='ocrx_word' id='word_1_109' title='bbox 1327 3729 1454 3790; x_wconf 88' lang='lat' dir='ltr'>Kozten</span> <span class='ocrx_word' id='word_1_110' title='bbox 1472 3727 1540 3790; x_wconf 91' lang='lat' dir='ltr'>filio</span> <span class='ocrx_word' id='word_1_111' title='bbox 1559 3729 1659 3791; x_wconf 89' lang='lat' dir='ltr'>Bene-</span> 
     </span>
     <span class='ocr_line' id='line_1_17' title="bbox 395 3835 1658 3917; baseline 0.002 -23"><span class='ocrx_word' id='word_1_112' title='bbox 395 3835 470 3895; x_wconf 90' lang='lat' dir='ltr'>dicti</span> <span class='ocrx_word' id='word_1_113' title='bbox 496 3849 609 3915; x_wconf 89' lang='lat' dir='ltr'>patruo</span> <span class='ocrx_word' id='word_1_114' title='bbox 635 3855 692 3896; x_wconf 92' lang='lat' dir='ltr'>suo</span> <span class='ocrx_word' id='word_1_115' title='bbox 718 3855 775 3917; x_wconf 91' lang='lat' dir='ltr'>pro</span> <span class='ocrx_word' id='word_1_116' title='bbox 800 3849 873 3896; x_wconf 91' lang='lat' dir='ltr'>octo</span> <span class='ocrx_word' id='word_1_117' title='bbox 891 3835 959 3898; x_wconf 88' lang='lat' dir='ltr'>flor.</span> <span class='ocrx_word' id='word_1_118' title='bbox 984 3837 1050 3896; x_wconf 89' lang='lat' dir='ltr'>auri</span> <span class='ocrx_word' id='word_1_119' title='bbox 1077 3835 1225 3896; x_wconf 87' lang='lat' dir='ltr'>vendidit</span> <span class='ocrx_word' id='word_1_120' title='bbox 1249 3849 1404 3917; x_wconf 89' lang='lat' dir='ltr'>perpetuo</span> <span class='ocrx_word' id='word_1_121' title='bbox 1431 3835 1658 3916; x_wconf 82' lang='lat' dir='ltr'>possidendam</span> 
     </span>
     <span class='ocr_line' id='line_1_18' title="bbox 395 3941 1656 4024; baseline 0.002 -22"><span class='ocrx_word' id='word_1_122' title='bbox 395 3954 426 4002; x_wconf 90' lang='lat' dir='ltr'>et</span> <span class='ocrx_word' id='word_1_123' title='bbox 449 3941 620 4022; x_wconf 89' lang='lat' dir='ltr'>superinde</span> <span class='ocrx_word' id='word_1_124' title='bbox 646 3954 692 4003; x_wconf 92' lang='lat' dir='ltr'>est</span> <span class='ocrx_word' id='word_1_125' title='bbox 716 3943 774 4002; x_wconf 88' lang='lat' dir='ltr'>sibi</span> <span class='ocrx_word' id='word_1_126' title='bbox 800 3943 891 4003; x_wconf 88' lang='lat' dir='ltr'>litera</span> <span class='ocrx_word' id='word_1_127' title='bbox 917 3944 976 4003; x_wconf 87' lang='lat' dir='ltr'>sub</span> <span class='ocrx_word' id='word_1_128' title='bbox 1001 3943 1153 4024; x_wconf 89' lang='lat' dir='ltr'>pendenti</span> <span class='ocrx_word' id='word_1_129' title='bbox 1182 3943 1289 4022; x_wconf 86' lang='lat' dir='ltr'>sigillo</span> <span class='ocrx_word' id='word_1_130' title='bbox 1315 3942 1557 4003; x_wconf 81' lang='lat' dir='ltr'>communitatis</span> <span class='ocrx_word' id='word_1_131' title='bbox 1583 3962 1656 4004; x_wconf 92' lang='lat' dir='ltr'>con·</span> 
     </span>
     <span class='ocr_line' id='line_1_19' title="bbox 393 4044 710 4108; baseline 0.006 -2"><span class='ocrx_word' id='word_1_132' title='bbox 393 4044 474 4107; x_wconf 85' lang='lat' dir='ltr'>fecta</span> <span class='ocrx_word' id='word_1_133' title='bbox 500 4059 530 4107; x_wconf 90' lang='lat' dir='ltr'>et</span> <span class='ocrx_word' id='word_1_134' title='bbox 554 4061 710 4108; x_wconf 84' lang='lat' dir='ltr'>emanata.</span> 
     </span>
    </p>

    <p class='ocr_par' dir='ltr' id='par_1_5' title="bbox 394 4151 1660 5087">
     <span class='ocr_line' id='line_1_20' title="bbox 501 4151 1659 4234; baseline 0.003 -22"><span class='ocrx_word' id='word_1_135' title='bbox 501 4151 578 4212; x_wconf 89' lang='lat' dir='ltr'>Item</span> <span class='ocrx_word' id='word_1_136' title='bbox 605 4152 751 4234; x_wconf 87' lang='lat' dir='ltr'>Mathyas</span> <span class='ocrx_word' id='word_1_137' title='bbox 774 4153 914 4234; x_wconf 86' lang='lat' dir='ltr'>agricola</span> <span class='ocrx_word' id='word_1_138' title='bbox 939 4153 1024 4214; x_wconf 87' lang='lat' dir='ltr'>filius</span> <span class='ocrx_word' id='word_1_139' title='bbox 1050 4153 1179 4215; x_wconf 89' lang='lat' dir='ltr'>Thome</span> <span class='ocrx_word' id='word_1_140' title='bbox 1199 4155 1238 4215; x_wconf 94' lang='lat' dir='ltr'>de</span> <span class='ocrx_word' id='word_1_141' title='bbox 1264 4153 1473 4216; x_wconf 90' lang='lat' dir='ltr'>Chudhowcz</span> <span class='ocrx_word' id='word_1_142' title='bbox 1500 4155 1531 4216; x_wconf 90' lang='lat' dir='ltr'>in</span> <span class='ocrx_word' id='word_1_143' title='bbox 1556 4169 1659 4216; x_wconf 86' lang='lat' dir='ltr'>suaet</span> 
     </span>
     <span class='ocr_line' id='line_1_21' title="bbox 396 4256 1658 4341; baseline 0.006 -25"><span class='ocrx_word' id='word_1_144' title='bbox 396 4256 548 4338; x_wconf 84' lang='lat' dir='ltr'>Stephani</span> <span class='ocrx_word' id='word_1_145' title='bbox 575 4279 611 4319; x_wconf 88' lang='lat' dir='ltr'>ac</span> <span class='ocrx_word' id='word_1_146' title='bbox 637 4259 722 4320; x_wconf 89' lang='lat' dir='ltr'>Luce</span> <span class='ocrx_word' id='word_1_147' title='bbox 747 4273 778 4319; x_wconf 90' lang='lat' dir='ltr'>et</span> <span class='ocrx_word' id='word_1_148' title='bbox 802 4259 927 4320; x_wconf 89' lang='lat' dir='ltr'>Nicolai</span> <span class='ocrx_word' id='word_1_149' title='bbox 953 4280 988 4321; x_wconf 85' lang='lat' dir='ltr'>ac</span> <span class='ocrx_word' id='word_1_150' title='bbox 1014 4259 1146 4341; x_wconf 81' lang='lat' dir='ltr'>Georgii</span> <span class='ocrx_word' id='word_1_151' title='bbox 1180 4259 1321 4322; x_wconf 92' lang='lat' dir='ltr'>filiorum</span> <span class='ocrx_word' id='word_1_152' title='bbox 1347 4275 1378 4322; x_wconf 86' lang='lat' dir='ltr'>et</span> <span class='ocrx_word' id='word_1_153' title='bbox 1403 4262 1568 4324; x_wconf 88' lang='lat' dir='ltr'>Dorothee</span> <span class='ocrx_word' id='word_1_154' title='bbox 1594 4261 1658 4323; x_wconf 89' lang='lat' dir='ltr'>filie</span> 
     </span>
     <span class='ocr_line' id='line_1_22' title="bbox 395 4363 1658 4450; baseline 0.003 -25"><span class='ocrx_word' id='word_1_155' title='bbox 395 4363 532 4425; x_wconf 84' lang='lat' dir='ltr'>condam</span> <span class='ocrx_word' id='word_1_156' title='bbox 557 4365 686 4426; x_wconf 85' lang='lat' dir='ltr'>Andree</span> <span class='ocrx_word' id='word_1_157' title='bbox 719 4367 835 4427; x_wconf 86' lang='lat' dir='ltr'>sutoris</span> <span class='ocrx_word' id='word_1_158' title='bbox 867 4364 970 4427; x_wconf 86' lang='lat' dir='ltr'>fratris</span> <span class='ocrx_word' id='word_1_159' title='bbox 1005 4368 1103 4448; x_wconf 88' lang='lat' dir='ltr'>ipsius</span> <span class='ocrx_word' id='word_1_160' title='bbox 1141 4367 1280 4450; x_wconf 84' lang='lat' dir='ltr'>Mathye‚</span> <span class='ocrx_word' id='word_1_161' title='bbox 1317 4387 1399 4429; x_wconf 86' lang='lat' dir='ltr'>onus</span> <span class='ocrx_word' id='word_1_162' title='bbox 1423 4383 1454 4429; x_wconf 90' lang='lat' dir='ltr'>et</span> <span class='ocrx_word' id='word_1_163' title='bbox 1485 4388 1658 4448; x_wconf 86' lang='lat' dir='ltr'>gravamen</span> 
     </span>
     <span class='ocr_line' id='line_1_23' title="bbox 395 4470 1658 4555; baseline 0.006 -27"><span class='ocrx_word' id='word_1_164' title='bbox 395 4487 506 4530; x_wconf 89' lang='lat' dir='ltr'>eorum</span> <span class='ocrx_word' id='word_1_165' title='bbox 533 4470 563 4529; x_wconf 92' lang='lat' dir='ltr'>in</span> <span class='ocrx_word' id='word_1_166' title='bbox 589 4491 622 4531; x_wconf 88' lang='lat' dir='ltr'>se</span> <span class='ocrx_word' id='word_1_167' title='bbox 648 4471 751 4552; x_wconf 89' lang='lat' dir='ltr'>ipsum</span> <span class='ocrx_word' id='word_1_168' title='bbox 775 4485 889 4552; x_wconf 91' lang='lat' dir='ltr'>sponte</span> <span class='ocrx_word' id='word_1_169' title='bbox 915 4492 971 4554; x_wconf 88' lang='lat' dir='ltr'>per</span> <span class='ocrx_word' id='word_1_170' title='bbox 995 4473 1104 4534; x_wconf 87' lang='lat' dir='ltr'>omnia</span> <span class='ocrx_word' id='word_1_171' title='bbox 1122 4474 1330 4552; x_wconf 88' lang='lat' dir='ltr'>assumend0,</span> <span class='ocrx_word' id='word_1_172' title='bbox 1354 4474 1518 4555; x_wconf 88' lang='lat' dir='ltr'>quandum</span> <span class='ocrx_word' id='word_1_173' title='bbox 1543 4489 1658 4536; x_wconf 87' lang='lat' dir='ltr'>terram</span> 
     </span>
     <span class='ocr_line' id='line_1_24' title="bbox 395 4574 1658 4663; baseline 0.008 -30"><span class='ocrx_word' id='word_1_174' title='bbox 395 4574 548 4634; x_wconf 84' lang='lat' dir='ltr'>arabilem</span> <span class='ocrx_word' id='word_1_175' title='bbox 575 4575 709 4657; x_wconf 91' lang='lat' dir='ltr'>predicti</span> <span class='ocrx_word' id='word_1_176' title='bbox 743 4577 880 4639; x_wconf 86' lang='lat' dir='ltr'>condam</span> <span class='ocrx_word' id='word_1_177' title='bbox 912 4578 1041 4639; x_wconf 87' lang='lat' dir='ltr'>Andree</span> <span class='ocrx_word' id='word_1_178' title='bbox 1076 4579 1192 4640; x_wconf 88' lang='lat' dir='ltr'>sutoris</span> <span class='ocrx_word' id='word_1_179' title='bbox 1227 4580 1258 4641; x_wconf 92' lang='lat' dir='ltr'>in</span> <span class='ocrx_word' id='word_1_180' title='bbox 1291 4599 1406 4662; x_wconf 88' lang='lat' dir='ltr'>campo</span> <span class='ocrx_word' id='word_1_181' title='bbox 1430 4580 1567 4642; x_wconf 87' lang='lat' dir='ltr'>civitatis</span> <span class='ocrx_word' id='word_1_182' title='bbox 1590 4601 1658 4663; x_wconf 88' lang='lat' dir='ltr'>pre-</span> 
     </span>
     <span class='ocr_line' id='line_1_25' title="bbox 395 4679 1660 4770; baseline 0.008 -32"><span class='ocrx_word' id='word_1_183' title='bbox 395 4679 477 4739; x_wconf 83' lang='lat' dir='ltr'>dicte</span> <span class='ocrx_word' id='word_1_184' title='bbox 502 4679 583 4740; x_wconf 89' lang='lat' dir='ltr'>inter</span> <span class='ocrx_word' id='word_1_185' title='bbox 608 4681 742 4743; x_wconf 89' lang='lat' dir='ltr'>fluvium</span> <span class='ocrx_word' id='word_1_186' title='bbox 768 4683 921 4765; x_wconf 86' lang='lat' dir='ltr'>Zuwycza</span> <span class='ocrx_word' id='word_1_187' title='bbox 939 4698 1088 4746; x_wconf 87' lang='lat' dir='ltr'>vocatum</span> <span class='ocrx_word' id='word_1_188' title='bbox 1119 4705 1154 4746; x_wconf 89' lang='lat' dir='ltr'>ac</span> <span class='ocrx_word' id='word_1_189' title='bbox 1173 4687 1254 4746; x_wconf 88' lang='lat' dir='ltr'>inter</span> <span class='ocrx_word' id='word_1_190' title='bbox 1271 4687 1354 4747; x_wconf 88' lang='lat' dir='ltr'>viam</span> <span class='ocrx_word' id='word_1_191' title='bbox 1380 4705 1587 4748; x_wconf 90' lang='lat' dir='ltr'>communem</span> <span class='ocrx_word' id='word_1_192' title='bbox 1605 4707 1660 4770; x_wconf 89' lang='lat' dir='ltr'>per</span> 
     </span>
     <span class='ocr_line' id='line_1_26' title="bbox 395 4785 1658 4872; baseline 0.01 -29"><span class='ocrx_word' id='word_1_193' title='bbox 395 4803 491 4864; x_wconf 87' lang='lat' dir='ltr'>quam</span> <span class='ocrx_word' id='word_1_194' title='bbox 516 4785 578 4846; x_wconf 91' lang='lat' dir='ltr'>itur</span> <span class='ocrx_word' id='word_1_195' title='bbox 602 4785 633 4848; x_wconf 91' lang='lat' dir='ltr'>in</span> <span class='ocrx_word' id='word_1_196' title='bbox 659 4788 768 4848; x_wconf 86' lang='lat' dir='ltr'>villam</span> <span class='ocrx_word' id='word_1_197' title='bbox 795 4789 954 4872; x_wconf 86' lang='lat' dir='ltr'>Pobresye</span> <span class='ocrx_word' id='word_1_198' title='bbox 989 4805 1147 4870; x_wconf 88' lang='lat' dir='ltr'>vocaturn,</span> <span class='ocrx_word' id='word_1_199' title='bbox 1172 4806 1203 4853; x_wconf 92' lang='lat' dir='ltr'>et</span> <span class='ocrx_word' id='word_1_200' title='bbox 1227 4793 1309 4854; x_wconf 87' lang='lat' dir='ltr'>inter</span> <span class='ocrx_word' id='word_1_201' title='bbox 1340 4807 1457 4854; x_wconf 87' lang='lat' dir='ltr'>terram</span> <span class='ocrx_word' id='word_1_202' title='bbox 1483 4793 1658 4855; x_wconf 90' lang='lat' dir='ltr'>liberorum</span> 
     </span>
     <span class='ocr_line' id='line_1_27' title="bbox 395 4895 1657 4981; baseline 0.01 -33"><span class='ocrx_word' id='word_1_203' title='bbox 395 4910 449 4950; x_wconf 88' lang='lat' dir='ltr'>seu</span> <span class='ocrx_word' id='word_1_204' title='bbox 467 4911 685 4953; x_wconf 87' lang='lat' dir='ltr'>successorum</span> <span class='ocrx_word' id='word_1_205' title='bbox 705 4895 841 4956; x_wconf 85' lang='lat' dir='ltr'>condam</span> <span class='ocrx_word' id='word_1_206' title='bbox 858 4895 1010 4978; x_wconf 82' lang='lat' dir='ltr'>Stephani</span> <span class='ocrx_word' id='word_1_207' title='bbox 1031 4897 1288 4981; x_wconf 82' lang='lat' dir='ltr'>Shetchhowych</span> <span class='ocrx_word' id='word_1_208' title='bbox 1301 4899 1376 4960; x_wconf 85' lang='lat' dir='ltr'>dicti</span> <span class='ocrx_word' id='word_1_209' title='bbox 1395 4919 1430 4960; x_wconf 85' lang='lat' dir='ltr'>ac</span> <span class='ocrx_word' id='word_1_210' title='bbox 1445 4899 1527 4961; x_wconf 89' lang='lat' dir='ltr'>inter</span> <span class='ocrx_word' id='word_1_211' title='bbox 1543 4915 1657 4961; x_wconf 87' lang='lat' dir='ltr'>terram</span> 
     </span>
     <span class='ocr_line' id='line_1_28' title="bbox 394 4995 1657 5087; baseline 0.011 -33"><span class='ocrx_word' id='word_1_212' title='bbox 394 4995 541 5057; x_wconf 88' lang='lat' dir='ltr'>similiter</span> <span class='ocrx_word' id='word_1_213' title='bbox 553 4998 728 5060; x_wconf 89' lang='lat' dir='ltr'>liberorum</span> <span class='ocrx_word' id='word_1_214' title='bbox 745 5021 801 5062; x_wconf 90' lang='lat' dir='ltr'>seu</span> <span class='ocrx_word' id='word_1_215' title='bbox 815 5021 1035 5064; x_wconf 85' lang='lat' dir='ltr'>successorum</span> <span class='ocrx_word' id='word_1_216' title='bbox 1050 5005 1187 5066; x_wconf 83' lang='lat' dir='ltr'>condam</span> <span class='ocrx_word' id='word_1_217' title='bbox 1204 5005 1332 5085; x_wconf 85' lang='lat' dir='ltr'>Donati,</span> <span class='ocrx_word' id='word_1_218' title='bbox 1346 5027 1382 5067; x_wconf 83' lang='lat' dir='ltr'>ac</span> <span class='ocrx_word' id='word_1_219' title='bbox 1397 5007 1479 5068; x_wconf 86' lang='lat' dir='ltr'>inter</span> <span class='ocrx_word' id='word_1_220' title='bbox 1495 5007 1657 5087; x_wconf 83' lang='lat' dir='ltr'>quandam</span> 
     </span>
    </p>
   </div>
   <div class='ocr_carea' id='block_1_5' title="bbox 0 0 1920 5804">
    <p class='ocr_par' dir='ltr' id='par_1_6' title="bbox 0 0 1920 5804">
     <span class='ocr_line' id='line_1_29' title="bbox 0 0 1920 5804; baseline 0 0"><span class='ocrx_word' id='word_1_221' title='bbox 0 0 1920 5804; x_wconf 95' lang='lat' dir='ltr'> </span> 
     </span>
    </p>
   </div>
  </div>
 </body>
</html>
