3832 5804
422 587 482 628 212
950 565 1151 647 Anna1461.

420 781 558 840 mediam
585 781 704 841 curiam
731 780 770 840 ad
796 800 887 841 usum
913 781 1049 842 civitatis
1073 778 1193 864 prefate
1215 781 1245 842 in
1271 801 1304 844 se
1328 781 1558 858 continentem,
1584 781 1675 841 Petro

420 887 602 948 mundatori
627 887 810 968 gladiorum
835 884 903 948 filio
921 887 1050 948 Martini
1073 887 1196 950 concivi
1213 902 1323 949 nostro
1340 908 1397 970 pro
1416 901 1555 969 quatuor
1572 887 1676 970 pensis

418 1014 455 1056 ac
478 995 589 1056 decem
614 994 754 1056 denariis
777 993 997 1055 vendidissent
1021 993 1089 1075 jure
1111 1008 1266 1076 perpetuo
1284 995 1513 1077 possidendam
1539 1011 1569 1056 et
1593 1014 1678 1056 erna-

419 1113 492 1162 nata
516 1115 563 1162 est
586 1100 646 1160 sibi
670 1100 761 1162 litera
785 1100 844 1162 sub
868 1100 976 1182 sigillo
1003 1101 1252 1163 communitatis.

524 1207 621 1280 Quod
646 1206 781 1288 provida
814 1208 930 1270 rnulier
955 1206 1133 1290 Elyzabeth
1162 1207 1421 1291 lelovvchychnia
1454 1207 1536 1268 dicta
1571 1207 1677 1268 relicta

417 1313 555 1374 condam
580 1313 706 1374 Nicolai
731 1314 859 1376 sartoris
876 1313 955 1374 olim
980 1314 1121 1375 concivis
1152 1315 1249 1375 nostri
1274 1313 1420 1375 vendidit
1436 1314 1571 1375 domum
1588 1333 1676 1374 suam

417 1421 498 1482 inter
522 1421 637 1482 domos
660 1433 691 1483 et
715 1419 834 1482 fundos
858 1419 1036 1483 Clementis
1060 1420 1177 1482 sutoris
1201 1439 1236 1481 ac
1262 1420 1395 1502 provide
1421 1419 1565 1481 mulieris
1589 1419 1676 1480 lellra

417 1541 527 1589 vocate
552 1527 662 1588 relicte
695 1527 834 1588 condam
868 1527 994 1589 Nicolai
1029 1527 1295 1589 molendinatoris
1325 1541 1508 1589 nostrorum
1534 1527 1678 1588 similiter

416 1633 609 1710 concivium,
634 1653 669 1694 ac
694 1633 776 1695 inter
800 1634 879 1694 duas
903 1633 970 1694 vias
993 1653 1050 1694 seu
1067 1635 1188 1716 plateas
1211 1653 1400 1695 communes
1417 1653 1514 1695 unam
1539 1653 1557 1694 a
1582 1632 1676 1694 meri-

418 1740 515 1802 dione
540 1755 571 1801 et
595 1739 690 1802 aliam
716 1743 755 1802 ab
780 1741 904 1802 oriente
921 1742 1006 1819 sitas,
1032 1761 1090 1802 nec
1116 1760 1179 1802 non
1198 1741 1280 1802 inter
1296 1741 1430 1802 domurn
1455 1739 1593 1822 provide
1610 1757 1677 1800 mu·

418 1848 504 1909 lieris
530 1847 636 1928 Draga
659 1862 771 1909 vocate
795 1847 904 1909 relicte
929 1847 1067 1908 condam
1092 1847 1175 1908 Petri
1200 1844 1351 1928 lutifiguli
1368 1846 1515 1907 similiter
1539 1844 1678 1907 concivis

420 1954 520 2015 nostri
545 1974 562 2015 a
587 1953 843 2036 septemtrionali
868 1967 898 2014 et
921 1953 1090 2035 posteriori
1113 1967 1202 2034 parte
1232 1953 1383 2031 habitam,
1409 1952 1571 2016 Clementi
1597 1952 1676 2034 agri·

420 2060 489 2122 cole
513 2059 581 2122 filio
607 2061 690 2122 Petri
715 2061 754 2122 de
780 2059 941 2143 Methlyca
966 2075 1000 2122 ut
1017 2059 1080 2140 jam
1103 2079 1188 2121 novo
1206 2061 1330 2121 concivi
1348 2074 1458 2121 nostro
1485 2060 1677 2120 vendidisset

416 2182 573 2250 perpetuo
591 2167 818 2249 possidendam
836 2181 867 2228 et
891 2181 937 2229 est
960 2167 1066 2228 eidem
1083 2167 1155 2228 data
1180 2167 1270 2228 litera
1288 2169 1347 2228 sub
1374 2167 1481 2246 sigillo
1498 2167 1675 2228 communi·

416 2273 489 2334 tatis
517 2273 729 2356 privilegiata.

522 2379 619 2453 Quod
646 2379 763 2440 Paulus
780 2379 909 2440 tubator
926 2393 957 2440 et
974 2379 1116 2440 concivis
1141 2393 1248 2441 noster
1264 2379 1410 2441 vendidit
1434 2379 1569 2441 domum
1586 2399 1675 2440 suam

416 2485 447 2544 in
473 2484 557 2546 dicta
582 2485 708 2546 civitate
733 2485 815 2546 inter
839 2485 955 2547 domos
980 2485 1076 2547 Blasii
1094 2483 1174 2546 labri
1200 2487 1341 2548 concivis
1357 2487 1456 2548 nostri
1482 2507 1500 2548 a
1524 2487 1675 2549 meridio-

415 2590 480 2650 nali
505 2605 592 2670 parte
617 2607 648 2651 et
673 2591 783 2651 lacobi
816 2592 956 2672 agricole
990 2591 1201 2674 lakchewych
1235 2592 1310 2652 dicti
1336 2595 1376 2654 ab
1409 2592 1507 2654 altera
1540 2607 1675 2676 septem-

417 2696 545 2756 trionali
572 2711 659 2776 parte
696 2697 837 2760 habitam
863 2713 894 2759 et
925 2699 1131 2776 existentem,
1166 2698 1370 2760 medietatem
1402 2698 1553 2762 videlicet
1583 2701 1676 2761 unius

415 2802 501 2862 curie
528 2803 567 2862 ad
593 2822 686 2864 usum
720 2804 802 2866 dicte
836 2805 973 2866 civitatis
1004 2805 1036 2865 in
1069 2817 1139 2866 toto
1164 2805 1195 2866 in
1225 2823 1258 2865 se
1289 2805 1518 2885 continentem,
1543 2807 1676 2888 provide

414 2907 542 2968 mulieri
568 2909 706 2970 Barbara
731 2925 844 2972 vocate
877 2911 987 2972 relicte
1019 2911 1157 2972 condam
1191 2909 1302 2974 Jacobi
1335 2911 1474 2996 Tolway
1497 2912 1574 2973 dicti
1598 2913 1675 2974 olim

415 3013 556 3076 concivis
580 3017 678 3076 nostri
705 3035 763 3098 pro
788 3017 890 3078 tribus
916 3017 986 3080 flor.
1011 3018 1079 3078 auri
1112 3018 1258 3079 vendidit
1289 3017 1357 3100 jure
1381 3032 1538 3100 perpetuo
1563 3033 1621 3082 etc.
1647 3033 1677 3080 et

413 3119 485 3180 data
511 3135 557 3181 est
581 3121 686 3182 eidem
712 3122 803 3184 litera
828 3125 887 3185 sub
911 3123 1018 3206 sigillo
1043 3125 1296 3187 communitatis.
