3840 5810
821 533 908 590 Anno
932 543 1022 608 1443.
1360 575 1364 583 ,
1503 543 1540 606 25

277 639 464 648 ——-
471 639 732 646 -.-—.——-—
744 639 772 644 --

280 746 452 808 tummodo
483 745 724 823 continentem,
755 741 893 826 provido
926 742 995 804 viro
1029 741 1180 825 Philippo
1204 741 1272 804 lilio
1306 742 1439 822 Georgii
1465 741 1543 804 Gra·

281 851 401 932 barich,
426 871 512 914 novo
545 852 668 914 concivi
692 863 812 929 nostro,
843 870 901 932 pro
932 871 986 913 sex
1010 848 1079 913 flor.
1112 849 1180 912 auri
1212 849 1358 912 vendidit
1389 863 1544 934 perpetuo

281 959 508 1042 possidendam
533 973 564 1020 et
587 957 758 1040 superinde
784 971 830 1019 est
854 957 944 1019 litera
969 957 1027 1018 sub
1052 957 1206 1040 pendenti
1231 957 1338 1038 sigillo
1364 958 1543 1019 communi·

280 1067 351 1129 tatis
376 1079 534 1128 emanata.

386 1173 463 1235 ltem
489 1172 622 1254 quidam
641 1170 759 1233 fundus
785 1191 904 1232 vacuus
929 1171 1024 1232 unius
1041 1185 1153 1253 quarte
1178 1171 1275 1250 curie,
1299 1186 1384 1232 retro
1407 1167 1544 1232 fundum

283 1279 410 1362 Mathye
435 1278 527 1360 jurati
559 1276 615 1340 filii
640 1279 770 1340 Andree
807 1279 916 1360 generi
949 1299 1024 1341 vero
1058 1279 1195 1340 condam
1221 1279 1363 1360 magistri
1389 1278 1543 1361 Stephani

283 1385 462 1469 Rakarych,
486 1386 525 1447 ab
550 1385 664 1448 eodem
691 1383 793 1446 fundo
818 1385 917 1467 ipsius
942 1385 1071 1468 Mathye
1106 1385 1199 1467 jurati
1226 1401 1257 1448 et
1282 1405 1382 1468 usque
1408 1383 1542 1448 fundum

282 1491 366 1554 Petri
392 1491 538 1572 Hungari
561 1513 578 1554 a
609 1491 839 1575 septemtrione
856 1492 1001 1554 habitum
1020 1491 1237 1574 procedendo,
1254 1493 1366 1574 viginti
1392 1493 1456 1554 duo
1475 1493 1544 1554 bra-

281 1598 351 1661 chia
382 1597 483 1660 lerrea
507 1599 538 1660 in
571 1597 775 1679 longitudine
807 1599 839 1660 in
870 1618 903 1660 se
936 1597 1120 1676 habentem,
1145 1599 1176 1660 in
1209 1599 1378 1660 latitudine
1402 1619 1478 1660 vero
1503 1598 1544 1660 ad

281 1703 414 1766 modum
432 1719 463 1767 et
479 1705 689 1786 quantitatem
714 1703 847 1786 predicti
865 1705 979 1787 prioris
1002 1703 1093 1767 fundi
1112 1705 1211 1787 ipsius
1237 1705 1364 1788 Mathye
1389 1705 1483 1786 jurati
1509 1725 1541 1766 se

282 1811 516 1889 extendentem,
530 1811 672 1893 predicto
684 1809 813 1892 Mathye
826 1810 930 1891 jurato
944 1826 989 1873 est
1002 1825 1137 1873 statutus
1150 1825 1305 1894 perpetuo
1320 1811 1542 1894 possidendus.

387 1917 465 1979 ltem
490 1917 652 1999 quandam
677 1929 794 1978 terrant
819 1917 974 1979 arabilem
1000 1917 1136 1980 condant
1163 1918 1272 1979 Jacobi
1298 1938 1354 1980 seu
1380 1919 1470 1980 laxin
1496 1919 1543 2000 ju·
1583 1949 1590 1974 ι

281 2025 338 2086 rati
362 2022 419 2086 filii
445 2024 527 2086 Petri
554 2023 676 2106 Saphar
704 2043 762 2106 pro
781 2023 947 2086 maleficiis
975 2024 1120 2086 eiusdem
1146 2025 1249 2085 Jaxini
1267 2024 1360 2106 jurati
1379 2039 1542 2107 tamquam

284 2129 361 2192 furis
384 2144 414 2192 et
438 2129 600 2192 homicide
618 2131 798 2213 proscripti,
816 2131 848 2192 in
866 2151 981 2212 campo
1013 2131 1148 2193 civitatis
1165 2131 1306 2214 predicte
1332 2133 1413 2194 inter
1430 2147 1544 2194 terram

283 2237 413 2298 domine
438 2235 589 2298 Anthene
621 2251 651 2298 et
680 2236 816 2298 fluvium
851 2238 1080 2321 Kalinovvycza
1105 2251 1254 2300 vocatum
1288 2259 1323 2300 ac
1348 2240 1432 2300 viam
1459 2259 1544 2300 com·

283 2363 413 2404 munem
438 2343 591 2422 habitam,
621 2343 717 2424 judex
746 2358 776 2405 et
808 2343 902 2423 jurati
928 2359 958 2406 et
990 2345 1205 2408 communitas
1228 2359 1294 2408 tota
1329 2347 1422 2408 Petro
1447 2345 1544 2427 judici

282 2449 426 2510 vendidit
450 2464 605 2532 perpetuo
622 2450 851 2532 possidendam
876 2465 906 2512 et
930 2451 1104 2533 superinde
1128 2466 1174 2512 est
1192 2451 1281 2513 litera
1307 2453 1365 2514 sub
1390 2451 1545 2534 pendenti

283 2555 390 2636 sigillo
416 2557 655 2618 communitatis
680 2571 838 2620 emanata.

388 2661 466 2724 ltem
492 2663 617 2724 Blasius
641 2663 771 2746 pellifex
804 2663 888 2726 filius
920 2665 1061 2748 Mathye,
1093 2665 1216 2748 pridem
1242 2665 1374 2747 juratus,
1405 2666 1546 2728 concivis

287 2783 403 2848 noster,
441 2782 472 2830 et
503 2770 635 2832 domina
669 2770 770 2832 Elena
803 2785 913 2834 vocata
953 2772 1061 2834 relicta
1090 2771 1228 2834 condam
1260 2773 1438 2836 Clementis
1469 2773 1544 2835 dicti

284 2875 467 2954 Praschecz,
493 2876 634 2938 concivis
664 2891 782 2958 nostra,
814 2878 976 2960 quendam
1010 2877 1165 2962 (hlortum
1197 2899 1308 2942 eorum
1334 2880 1365 2940 in
1391 2879 1545 2942 suburbio

284 2981 421 3042 civitatis
445 2981 476 3042 in
502 2983 652 3065 opposito
671 2985 802 3046 ecclesie
828 2985 911 3046 beati
931 2985 1058 3046 Martini
1092 2983 1283 3047 confessoris
1308 2987 1389 3048 inter
1412 2986 1546 3067 (hlortos

284 3088 411 3148 Andree
436 3090 552 3152 sutoris
584 3105 614 3152 et
648 3091 822 3153 liberorum
856 3091 993 3154 condam
1026 3092 1152 3153 Nicolai
1184 3091 1293 3172 generi
1320 3091 1483 3174 Kusichyn
1510 3111 1546 3152 ac

284 3195 350 3256 vias
374 3215 562 3257 communes
587 3197 743 3276 habitum,
768 3197 904 3259 Nicolao
928 3199 1028 3259 sutori
1057 3198 1143 3260 dicto
1169 3197 1304 3260 Chehlto
1329 3197 1395 3260 filio
1421 3197 1544 3259 Nicolai

284 3301 500 3365 vendiderunt
522 3317 679 3386 perpetuo
704 3305 936 3386 possidendum
962 3319 993 3366 et
1009 3305 1182 3386 superinde
1208 3319 1254 3366 est
1279 3305 1369 3366 litera
1393 3305 1452 3366 sub
1470 3323 1545 3387 pen·

285 3407 371 3469 denti
395 3409 504 3488 sigillo
528 3411 769 3472 communitatis
793 3425 951 3474 emanata.

391 3513 469 3576 ltem
496 3515 685 3578 Dominicus
702 3515 885 3579 saretrarius
902 3516 986 3579 filius
1005 3517 1133 3600 Mathye
1163 3518 1316 3580 directam
1342 3533 1372 3579 et
1396 3517 1545 3599 equalem

286 3619 490 3683 medietatem
516 3623 683 3685 cuiusdam
709 3625 825 3685 domus
849 3645 905 3686 sue
930 3639 960 3685 et
985 3623 1075 3685 fundi
1109 3645 1144 3684 ac
1170 3623 1391 3686 hedificiorum
1418 3623 1449 3684 in
1475 3624 1546 3684 vico

286 3727 435 3788 exteriori
460 3747 516 3790 seu
541 3729 645 3810 platea
671 3729 923 3792 Theuthonicali
956 3731 1038 3792 inter
1063 3730 1209 3806 domum,
1241 3729 1377 3792 fundum
1411 3745 1441 3791 et
1464 3729 1545 3791 cela-

286 3832 366 3894 rium
393 3853 428 3895 ac
446 3833 593 3897 hedificia
611 3837 787 3898 liberorum
813 3838 950 3900 condam
967 3837 1130 3899 Valentini
1149 3838 1310 3919 arcuparis
1327 3851 1357 3899 et
1377 3837 1444 3898 vias
1459 3855 1545 3898 com·

286 3960 399 4002 munes
423 3942 541 4021 habite,
573 3963 670 4006 unam
704 3959 850 4026 quartam
882 3945 968 4006 curie
1002 3947 1032 4007 in
1057 3967 1090 4006 sc
1123 3945 1352 4024 continentem,
1385 3944 1545 4006 Clementi

285 4047 385 4108 sutori
410 4067 468 4129 pro
494 4049 604 4110 decem
630 4063 661 4113 et
684 4066 806 4134 septem
832 4051 900 4114 flor.
930 4053 998 4113 auri
1023 4051 1169 4114 vendidit
1201 4065 1357 4134 perpetuo
1381 4049 1546 4133 possiden·

287 4153 359 4214 dam
384 4168 414 4215 et
437 4155 611 4237 superinde
628 4171 674 4220 est
697 4157 789 4218 litera
807 4159 865 4219 sub
890 4159 1044 4240 pendenti
1061 4158 1168 4238 sigillo
1193 4158 1434 4220 communitatis
1450 4157 1546 4240 privi-

286 4259 443 4341 legialiter
467 4275 623 4327 emanata.

391 4367 469 4430 ltem
503 4370 642 4450 quedam
674 4385 756 4433 terra
788 4371 917 4432 arabilis
950 4372 981 4432 in
1014 4393 1129 4456 campo
1160 4385 1270 4433 nostro
1294 4393 1349 4433 seu
1374 4372 1406 4432 in
1431 4389 1546 4452 campo

288 4473 424 4536 civitatis
447 4476 589 4558 predicte
626 4477 707 4538 inter
739 4491 836 4539 terras
862 4477 994 4560 Georgii
1020 4478 1216 4561 Wlltanych,
1240 4480 1280 4539 ab
1304 4477 1482 4556 occidente,
1506 4475 1546 4537 ab

287 4578 408 4640 oriente
434 4601 510 4643 vero
544 4583 709 4644 colendini
742 4583 1011 4646 confraternitatis
1042 4599 1188 4646 sutorum
1221 4585 1339 4664 habita,
1368 4585 1546 4666 desupera

287 4685 337 4746 via
361 4689 526 4749 communi
551 4703 581 4751 et
606 4689 687 4751 infra
712 4710 813 4772 usque
846 4689 999 4752 fossatum
1031 4691 1146 4752 metale
1178 4691 1403 4770 iuxtaterram
1429 4691 1545 4752 libero·

289 4810 356 4852 rum
383 4792 489 4855 Choni
514 4815 546 4856 se
572 4796 810 4874 extendentem,
833 4817 887 4858 sex
911 4797 1012 4859 dietas
1028 4813 1110 4859 terre
1136 4813 1169 4859 ut
1193 4799 1309 4859 dicitur
1334 4799 1365 4858 in
1389 4817 1421 4858 se
1446 4797 1546 4858 conti·

290 4917 375 4978 nens,
400 4919 455 4981 per
480 4902 653 4984 Marynche
669 4921 817 4964 socerum
836 4904 1002 4966 Michaelis
1030 4903 1106 4966 dicti
1133 4903 1216 4965 Glad
1235 4904 1378 4986 predicto
1403 4903 1546 4985 Georgio

289 5003 393 5068 vicino
417 5007 560 5070 eiusdem
586 5021 668 5072 terre
693 5023 739 5072 est
765 5009 892 5073 vendita
916 5029 974 5095 pro
998 5011 1111 5094 viginti
1141 5023 1262 5092 septem
1287 5009 1355 5072 flor.
1382 5011 1449 5072 auri
1475 5031 1544 5092 per-
