3854 5798
798 539 885 596 Anno
909 549 1000 614 1470.
1470 535 1526 597 281

267 749 356 812 dedit
380 765 412 811 et
436 749 573 812 contulit
597 749 666 830 jure
689 763 844 830 perpetuo
878 748 1108 830 possidendam
1134 751 1176 810 ita
1208 763 1326 827 tamen,
1351 749 1438 830 quod
1464 769 1531 830 prc-

269 857 353 920 latus
378 856 501 942 Symon
526 857 672 920 literatus
691 855 818 918 easdem
837 855 951 916 totalcs
969 855 1084 918 domos
1105 857 1170 918 suis
1194 856 1330 938 propriis
1353 857 1535 936 sumptibus

269 979 300 1026 et
324 965 472 1046 expensis
497 983 652 1026 renovare
677 977 708 1024 et
741 960 890 1024 edificare
915 963 1079 1024 tenebitur
1111 982 1183 1024 cum
1209 961 1336 1040 celari0,
1361 963 1448 1022 salva
1472 963 1533 1023 alia

267 1071 386 1133 directa
411 1070 583 1132 medietate
608 1069 691 1132 dicte
711 1069 827 1131 domus
845 1083 875 1130 et
899 1069 1008 1131 celarii
1025 1068 1236 1147 subterranei,
1261 1087 1358 1129 unam
1384 1081 1531 1149 quartam

267 1191 298 1240 et
323 1196 420 1238 unam
446 1191 592 1238 octavam
611 1177 642 1237 in
667 1196 700 1238 se
718 1175 914 1254 continente,
937 1195 1034 1257 quam
1053 1175 1120 1258 ipse
1138 1176 1264 1236 Marcus
1281 1193 1339 1256 pro
1363 1194 1396 1236 se
1421 1189 1452 1236 et
1468 1175 1534 1236 suis

268 1283 439 1345 heredibus
464 1282 554 1345 duxit
577 1283 814 1344 reservandam.

373 1389 472 1464 Quod
496 1389 555 1451 viri
581 1389 707 1471 providi
732 1403 763 1451 et
786 1389 913 1451 honesti
938 1389 1083 1452 Andreas
1113 1403 1215 1451 sartor
1240 1403 1270 1451 et
1296 1387 1472 1470 Gregorius
1497 1408 1532 1451 ac

269 1497 422 1560 Clemens
452 1496 661 1577 agricultores
692 1495 749 1557 filii
781 1495 919 1558 condam
945 1495 1096 1580 Symonis
1127 1495 1166 1557 de
1199 1495 1351 1574 Raboch,
1384 1497 1533 1558 concives

269 1603 380 1682 nostri,
405 1616 440 1665 ut
463 1603 523 1685 ipsi
549 1601 588 1663 de
613 1602 738 1664 duabus
761 1602 864 1664 vineis
897 1621 1009 1664 eorum
1034 1600 1243 1684 infrascriptis
1266 1602 1363 1664 talem
1390 1603 1471 1664 inter
1495 1621 1529 1664 se

269 1709 419 1772 fecissent
443 1708 649 1788 divisionem,
673 1723 708 1769 ut
731 1708 871 1789 quedam
901 1708 994 1770 vinea
1029 1727 1142 1770 eorum
1169 1709 1199 1769 in
1232 1708 1394 1770 territorio
1425 1723 1534 1770 nostro

268 1817 350 1878 inter
374 1815 472 1876 aliam
498 1815 626 1876 vineam
658 1813 847 1876 eorumdem
872 1815 1001 1876 Andree
1033 1815 1162 1878 sartoris
1194 1829 1224 1876 et
1256 1812 1407 1896 Gregorii
1431 1813 1535 1876 fratris

268 1921 329 2000 sui,
354 1941 370 1982 a
396 1933 483 2004 parte
510 1920 726 1998 meridionali,
750 1940 786 1981 ac
811 1921 893 1982 inter
910 1921 1037 1982 vineam
1062 1923 1162 2004 probe
1187 1935 1218 1982 et
1241 1921 1375 1983 honeste
1401 1920 1533 1984 domine

219 2039 222 2046 '
269 2028 449 2092 Katherine
481 2028 590 2090 relicte
627 2026 826 2108 Sigismundi
859 2027 963 2108 jurati,
995 2028 1147 2111 primum,
1179 2041 1210 2090 et
1242 2027 1371 2089 tandem
1397 2029 1533 2090 condam

269 2135 389 2198 Mathia
414 2135 543 2213 Farltas,
568 2154 585 2196 a
610 2147 698 2216 parte
723 2134 977 2216 septemtrionali
994 2134 1102 2196 habita
1127 2147 1158 2196 et
1182 2135 1331 2213 existens,
1355 2134 1492 2216 desuper
1516 2153 1533 2194 a

267 2245 320 2306 via
343 2243 508 2306 communi
533 2261 661 2323 magna,
679 2240 898 2324 proquodam
916 2241 1024 2322 spacio
1042 2255 1125 2303 terre
1143 2261 1200 2324 pro
1219 2240 1343 2303 ltoucha
1368 2241 1399 2302 in
1418 2239 1532 2302 eadem

268 2349 471 2433 preparanda
485 2368 541 2410 seu
559 2361 724 2430 preparata
738 2366 832 2430 supra
850 2347 985 2408 eandem
1000 2347 1126 2410 vineam
1145 2348 1203 2410 site
1217 2363 1247 2409 et
1260 2367 1362 2429 usque
1380 2346 1531 2424 rivulum,

269 2475 342 2518 curn
367 2455 509 2536 virgulto
533 2454 637 2516 eidem
663 2453 839 2534 subjacenti
866 2473 897 2514 se
923 2453 1109 2533 extendens,
1135 2473 1207 2516 cum
1233 2454 1439 2533 pertinenciis
1464 2453 1532 2514 uni-

268 2562 367 2624 versis
390 2560 521 2643 prelatis
545 2560 675 2622 Andree
692 2561 805 2621 sartori
823 2573 854 2622 et
871 2558 1031 2640 Gregorio
1056 2559 1145 2623 fratri
1163 2581 1221 2622 suo
1239 2580 1274 2622 ac
1292 2580 1347 2642 per
1371 2580 1426 2620 eos
1451 2561 1534 2643 ipso·

268 2687 339 2730 rum
364 2667 536 2730 heredibus
561 2667 704 2729 cessisset
729 2667 759 2728 in
778 2667 966 2748 porcionem
990 2667 1235 2744 divisionalem;
1260 2667 1401 2728 secunda
1427 2682 1534 2729 autem

269 2775 361 2836 vinea
387 2775 529 2857 ipsorum
555 2773 702 2836 similiter
725 2773 756 2834 in
782 2773 944 2835 territorio
966 2787 1077 2835 nostro
1102 2793 1202 2856 prope
1227 2773 1348 2836 lontem
1375 2773 1477 2856 llycza
1502 2774 1533 2834 in

269 2881 431 2943 vicinitate
456 2879 571 2964 (h)orei
596 2894 625 2941 et
649 2879 778 2958 stabuli,
805 2899 862 2941 nec
881 2899 944 2941 non
963 2877 1073 2962 (h)orti
1098 2878 1295 2963 prelatorum
1320 2879 1448 2942 Andree
1473 2899 1536 2940 sar-

268 2987 346 3049 toris
371 2999 402 3048 et
419 2984 567 3068 Gregorii
593 2985 696 3048 fratris
713 2987 774 3065 sui,
799 3006 855 3068 per
878 2987 981 3048 aciem
999 2988 1129 3065 montis,
1149 2987 1246 3048 simul
1271 3007 1343 3048 cum
1367 3001 1450 3050 terra
1468 3007 1535 3048 ara·

269 3094 326 3156 bili
351 3095 445 3156 cessit
469 3093 501 3155 in
526 3094 715 3176 porcionem
749 3093 894 3156 eiusdem
928 3093 1108 3156 Clementis
1141 3094 1244 3155 lratris
1276 3095 1417 3176 ipsorum
1443 3093 1536 3154 cessit

268 3201 364 3264 simul
390 3220 462 3262 cum
487 3200 607 3282 (h)orto
632 3201 731 3283 ipsius
755 3214 837 3262 terre
866 3201 997 3262 arabilis
1030 3213 1060 3262 et
1084 3200 1201 3261 stabuli
1234 3200 1293 3282 ipsi
1319 3199 1480 3261 Clementi
1505 3212 1535 3260 et

269 3307 335 3370 suis
360 3307 532 3369 heredibus
556 3306 624 3387 jure
650 3321 805 3390 perpetuo
831 3305 1037 3389 possidenda.

376 3413 474 3488 Quod
500 3414 575 3494 quia
600 3413 726 3495 providi
744 3413 802 3475 viri
826 3413 971 3476 Andreas
995 3427 1097 3475 sartor
1115 3412 1310 3498 Symwnych
1335 3412 1374 3474 de
1400 3412 1534 3474 Raboch

270 3533 301 3582 et
324 3519 478 3581 honestus
501 3519 627 3600 juvenis
658 3517 834 3600 Gregorius
866 3517 962 3581 frater
994 3519 1138 3581 eiusdem
1165 3519 1293 3581 Andree
1326 3519 1535 3581 commissarii

268 3627 450 3690 testamenti
483 3627 591 3709 scripti
625 3627 723 3709 ipsius
754 3627 891 3688 condam
926 3626 1079 3709 Symonis
1113 3627 1211 3709 patris
1243 3647 1374 3706 eorum,
1406 3629 1446 3688 ab
1473 3646 1535 3687 una

269 3748 369 3817 parte,
392 3735 432 3796 ab
457 3734 556 3796 altera
574 3733 727 3796 Clemens
751 3733 898 3795 similiter
914 3747 1016 3794 sartor
1033 3732 1117 3795 lilius
1138 3735 1238 3815 ipsius
1257 3735 1419 3817 Symonis,
1437 3733 1533 3796 frater
1569 3745 1571 3754 ’

269 3841 471 3918 eorumdem,
495 3841 644 3902 concives
668 3841 779 3919 nostri,
804 3854 838 3902 ut
870 3841 947 3901 dum
982 3840 1040 3921 ipsi
1065 3860 1205 3902 unacum
1239 3841 1414 3902 Benedicto
1440 3839 1533 3903 lratre

271 3967 383 4010 eorum
408 3947 546 4026 uterino,
570 3947 717 4010 similiter
748 3960 880 4026 sartote,
913 3946 1028 4008 totales
1060 3947 1278 4028 possessiones
1310 3961 1340 4009 et
1365 3948 1535 4030 porciones

269 4055 536 4138 possessionarias
560 4055 693 4136 predicti
721 4054 872 4136 Symonis
905 4054 1002 4136 patris
1035 4073 1147 4116 eorum
1182 4053 1214 4114 in
1241 4053 1324 4115 dicta
1350 4053 1478 4114 civitate
1503 4067 1533 4116 et

269 4161 338 4223 eius
351 4160 511 4221 territorio
529 4160 652 4222 habitas
670 4161 750 4222 inter
763 4180 795 4220 se
809 4160 1002 4238 divisissent,
1018 4171 1094 4222 tunc
1105 4173 1188 4222 certe
1205 4161 1421 4242 possessiones
1438 4158 1534 4221 infra·

270 4267 397 4349 scripte,
422 4267 528 4348 primo
552 4266 703 4328 videlicet
719 4281 841 4348 septem
867 4267 916 4328 vel
943 4267 1020 4328 citra
1044 4268 1123 4329 sulci
1142 4266 1307 4328 cuiusdam
1332 4281 1412 4328 terre
1438 4267 1537 4349 ipsius

271 4374 409 4436 condam
436 4373 587 4455 Symonis
604 4373 703 4456 patris
727 4372 839 4434 eorum
857 4374 889 4435 in
913 4394 1027 4456 campo
1046 4374 1129 4436 dicte
1154 4375 1290 4436 civitatis
1314 4375 1396 4438 inter
1419 4388 1534 4436 tetram

271 4480 447 4542 liberorum
473 4480 609 4541 condam
629 4480 756 4540 Andree
775 4480 814 4542 de
840 4481 957 4558 Turre,
978 4482 1018 4542 ab
1035 4481 1170 4560 oriente,
1188 4496 1219 4544 et
1243 4483 1324 4543 inter
1348 4483 1535 4564 porcionem

270 4586 414 4648 eiusdem
439 4599 521 4648 terre
547 4587 646 4668 ipsius
670 4587 808 4648 condam
835 4586 985 4671 Symonis
1010 4587 1108 4668 patris
1126 4589 1279 4668 ipsorum,
1304 4587 1386 4649 inter
1410 4587 1536 4670 porcio-

271 4711 345 4754 nem
371 4691 484 4775 prefati
519 4693 647 4754 Andree
680 4693 810 4754 sartoris
841 4691 899 4754 filil
933 4693 1077 4754 eiusdem
1111 4693 1274 4776 Symonis,
1306 4695 1345 4755 ab
1370 4694 1536 4756 occidente

271 4798 371 4862 habiti
398 4813 428 4861 et
452 4800 633 4878 existentes,
659 4799 796 4882 desuper
820 4820 837 4860 a
861 4800 911 4860 via
938 4800 1103 4861 communi
1132 4819 1149 4860 a
1174 4802 1404 4882 septemtrione
1429 4799 1535 4862 habita

271 4917 302 4966 et
326 4902 406 4966 infra
433 4925 534 4986 usque
560 4905 747 4987 porcionem
773 4905 919 4967 similiter
944 4905 1087 4967 eiusdem
1113 4919 1195 4967 terre
1220 4925 1322 4988 usque
1346 4907 1533 4988 porcionem

274 5010 402 5072 Andree
435 5012 564 5074 sartoris
596 5027 626 5074 et
659 5012 825 5093 Gregorii,
856 5033 872 5073 a
898 5026 987 5096 parte
1020 5012 1223 5076 meridionali
1248 5013 1341 5076 sitam
1371 5033 1404 5075 se
1429 5027 1536 5076 exten·
