3816 5802
780 543 980 620 Avn01447·
1471 536 1511 618 83

247 759 357 822 relicta
382 757 523 820 Emerici
548 755 689 836 sartoris,
713 755 846 818 totalem
878 753 1010 816 terciam
1041 767 1165 836 partem
1191 751 1360 814 cuiusdam
1386 751 1513 830 domus,

246 861 339 928 bandi
363 883 399 926 ac
423 864 602 926 stacionum
627 875 658 924 et
682 858 906 924 hedificiorum
935 859 1014 922 inibi
1047 859 1231 920 habitorum
1269 859 1302 920 in
1327 857 1412 920 dicta
1435 857 1533 920 civi··

247 983 312 1034 tate
334 969 418 1032 inter
441 969 558 1031 domos
582 981 723 1030 muratas
747 979 778 1030 et
810 963 930 1028 fundos
954 985 993 1027 ac
1022 963 1171 1027 hedificia
1195 964 1322 1026 Nicolai
1346 962 1461 1044 judicis
1484 976 1516 1025 et
1596 1047 1598 1052 ,

248 1076 403 1140 lobannis
425 1075 608 1138 staciooarii
632 1074 752 1152 babite,
776 1073 828 1136 siti
853 1085 885 1134 et
907 1072 1081 1146 existentis,
1107 1090 1205 1133 unam
1230 1071 1352 1133 scilicet
1375 1083 1514 1132 tantum·

248 1184 348 1247 modo
380 1196 527 1265 quartam
562 1181 649 1243 curie
681 1181 712 1242 in
745 1200 778 1242 se
810 1180 1041 1259 continentem,
1073 1197 1147 1240 cum
1171 1180 1237 1240 suis
1267 1177 1460 1240 utilitatibus
1484 1189 1515 1238 et

249 1289 456 1374 pertinenciis
491 1288 649 1350 universis
682 1286 800 1368 Egidio
832 1286 995 1369 purgatori
1027 1284 1211 1367 gladiorum
1243 1283 1310 1346 filio
1336 1283 1426 1346 Pauli
1451 1301 1514 1344 sar-

249 1396 326 1458 toris
349 1394 437 1456 lratri
460 1413 520 1456 suo
544 1393 664 1455 carnali
689 1392 823 1455 donavit
847 1405 1003 1475 perpetuo
1032 1390 1261 1474 possidendam
1287 1403 1318 1452 et
1341 1387 1514 1472 superinde

248 1517 296 1566 est
318 1502 409 1564 litera
434 1501 494 1562 ωδ
519 1499 674 1584 pendenti
698 1498 806 1580 sigillo
831 1497 1073 1560 communitatis
1101 1509 1258 1559 emanata.

355 1607 432 1670 ltem
458 1607 556 1689 Elyas
580 1604 703 1668 Judeus
726 1603 811 1668 filius
835 1605 988 1688 Symonis
1021 1603 1185 1686 quandam
1216 1603 1350 1665 domum
1375 1603 1516 1684 ligneam

249 1735 322 1779 cum
348 1713 450 1776 lundo
481 1727 513 1776 et
544 1711 702 1774 hedificiis
735 1712 767 1774 in
801 1711 885 1774 dicta
919 1711 1045 1774 civitate
1077 1711 1158 1772 inter
1191 1709 1326 1772 domum
1357 1722 1516 1776 muratam

250 1820 385 1903 Georgii
409 1819 539 1882 sartoris
570 1832 601 1881 et
634 1818 786 1900 Gssparis
822 1817 939 1880 literati
972 1816 1125 1896 habitam,
1157 1815 1298 1878 mediam
1323 1815 1443 1878 curiam
1475 1813 1516 1876 ad

249 1947 344 1991 usum
368 1926 506 1989 civitatis
530 1926 561 1988 in
586 1944 619 1988 se
644 1925 875 2004 continentem,
900 1943 963 2006 que
995 1923 1056 1985 sibi
1081 1942 1139 2005 pro
1163 1941 1258 1984 usura
1282 1940 1339 2005 per
1364 1921 1515 2004 inpigno-

250 2035 414 2098 racionem
438 2033 555 2096 Vraule
580 2033 688 2094 uxoris
712 2031 867 2114 legittime
894 2029 1047 2114 Stephani
1066 2028 1166 2092 ltalici
1191 2041 1397 2106 remanserat,
1413 2027 1515 2090 Rene-

249 2141 337 2203 dicto
361 2139 501 2221 agricole
532 2137 600 2200 lilio
633 2137 718 2200 lwan
750 2137 791 2200 de
822 2137 986 2220 Thopola,
1018 2154 1104 2198 novo
1138 2135 1263 2198 concivi
1295 2148 1425 2215 nostro,
1456 2151 1515 2215 pro

253 2261 328 2309 octo
352 2265 425 2308 cum
450 2244 559 2308 medio
583 2243 654 2307 flor.
678 2244 747 2306 auri
772 2242 917 2306 vendidit
941 2255 1098 2325 perpetuo
1121 2239 1351 2325 possidendam
1375 2259 1413 2301 ex
1437 2258 1514 2301 con·

250 2372 346 2416 sensu
370 2351 552 2414 vicinorum
576 2349 795 2434 predictorum
820 2362 851 2412 et
874 2347 1047 2432 superinde
1080 2361 1126 2410 est
1157 2347 1247 2409 litera
1276 2347 1334 2408 sub
1360 2343 1514 2429 pendenti

252 2458 361 2540 sigillo
386 2456 627 2521 communitatis
652 2469 810 2520 emanata.

357 2563 435 2627 ltem
462 2563 609 2646 Mathyas
633 2563 852 2647 carpentarius
874 2560 960 2623 filius
984 2560 1140 2622 Hermani
1158 2559 1198 2621 de
1223 2559 1371 2622 Zanabor
1395 2556 1516 2619 medie·

250 2685 349 2734 tatem
375 2669 541 2732 cuiusdam
566 2668 694 2748 domus,
718 2667 809 2730 fundi
834 2680 865 2730 et
881 2665 1105 2730 hedificiorum
1124 2667 1155 2728 in
1174 2665 1257 2728 dicta
1282 2665 1408 2727 civitate
1433 2664 1516 2726 inter

252 2779 369 2840 domos
393 2776 549 2838 Demetrii
573 2775 667 2858 jurati
685 2788 716 2838 et
740 2775 878 2853 Nicolai‚
895 2775 935 2836 ab
960 2793 1022 2836 una
1039 2787 1138 2856 parte,
1163 2774 1203 2834 ab
1220 2772 1318 2834 altera
1335 2789 1410 2832 vero
1427 2782 1515 2853 parte

252 2884 383 2947 Tbome
406 2882 547 2965 agricole
566 2895 597 2944 et
621 2881 704 2944 Petri
721 2881 873 2963 lutifiguli
891 2881 999 2944 habite
1016 2893 1047 2943 et
1064 2880 1238 2959 existentis,
1255 2898 1352 2941 unam
1376 2890 1514 2940 tanturn-

253 2990 353 3054 modo
376 3004 523 3072 quartam
548 2988 634 3052 curie
667 2988 700 3050 in
732 3008 765 3050 se
801 2989 979 3067 continens,
1013 2987 1174 3050 Clementi
1206 2985 1306 3048 sutori
1330 2984 1399 3047 filio
1431 2984 1516 3046 Petri

255 3095 522 3179 Fudrichevvych,
546 3095 671 3158 concivi
695 3109 817 3175 nostro,
842 3114 900 3178 pro
918 3114 984 3156 uno
1008 3093 1077 3160 flor.
1103 3108 1134 3155 et
1155 3093 1284 3175 triginta
1310 3091 1438 3154 duobus
1461 3091 1515 3153 de-

253 3202 350 3265 nariis
372 3201 611 3265 viennensibus
634 3201 780 3263 vendidit
803 3215 959 3284 perpetuo
984 3200 1224 3284 possidendam,
1248 3199 1335 3262 salva
1359 3199 1421 3261 alia
1447 3217 1514 3260 me·

255 3309 374 3372 dietate
399 3307 543 3372 eiusdem
568 3308 695 3387 domus,
720 3305 812 3370 fundi
837 3321 867 3369 et
887 3306 1122 3386 hedificiorum,
1146 3325 1242 3368 unam
1260 3305 1405 3368 similiter
1421 3324 1515 3387 quar·

254 3429 321 3478 tam
345 3415 431 3478 curie
456 3415 489 3476 in
513 3434 547 3477 se
571 3414 739 3494 retinente,
758 3433 855 3496 quam
881 3415 947 3496 ipse
982 3413 1128 3496 Matbysa
1152 3412 1368 3495 carpentarius
1392 3431 1450 3495 pro
1482 3431 1515 3472 se

253 3521 358 3584 adbuc
381 3522 556 3584 literatorie
581 3521 754 3584 reservavit
777 3535 933 3604 perpetuo
958 3519 1185 3604 possidendam
1210 3533 1241 3582 et
1271 3518 1444 3602 superinde
1469 3532 1515 3580 eat

253 3629 345 3692 litera
369 3630 430 3690 sub
453 3627 606 3712 pendenti
630 3627 738 3710 sigillo
762 3627 1004 3690 communitatis
1027 3639 1185 3689 emanata.

360 3735 439 3798 ltem
462 3733 603 3816 quedam
627 3734 720 3796 vinea
745 3735 777 3796 in
802 3747 912 3796 monte
937 3733 1021 3796 laecz
1045 3746 1160 3794 vocato
1197 3733 1278 3794 inter
1301 3731 1429 3793 vineam
1454 3731 1515 3793 Va-

253 3841 368 3904 lentini
394 3855 425 3904 et
449 3840 639 3919 Clementis,
671 3841 711 3902 ab
744 3839 922 3920 occidente,
953 3838 1115 3901 mediante
1139 3837 1251 3900 semita
1284 3837 1411 3918 utrique
1434 3837 1516 3919 parti

252 3947 455 4026 deservienti,
468 3965 504 4010 ac
520 3947 602 4009 inter
618 3959 735 4009 terram
751 3947 870 4008 vitibus
886 3947 1002 4030 partim
1019 3947 1230 4027 replantatam
1245 3943 1420 4006 liberorum
1436 3963 1514 4005 con-

253 4053 327 4116 dam
352 4053 551 4132 Allexandri,
575 4072 593 4114 a
617 4053 807 4132 meridione,
832 4053 872 4114 ab
896 4052 1021 4114 oriente
1037 4065 1144 4114 autem
1170 4051 1252 4114 inter
1275 4050 1402 4111 vineam
1428 4049 1515 4111 lwan

253 4157 312 4222 filii
336 4157 466 4222 Andree
490 4173 520 4220 et
545 4157 700 4220 lobannis
724 4157 849 4244 Bosycb
874 4157 1036 4220 mediante
1060 4155 1180 4219 fossato
1205 4157 1332 4238 utrique
1354 4156 1436 4237 parti
1461 4155 1516 4216 de·

253 4264 416 4344 servienti,
440 4283 459 4328 a
482 4265 711 4348 septemtrione
744 4283 821 4328 vero
854 4264 935 4326 inter
968 4264 1095 4326 vineam
1129 4263 1258 4344 Mathye
1294 4261 1370 4322 dicti
1395 4260 1517 4323 Zandal

253 4371 362 4434 habita
387 4385 418 4433 et
442 4371 590 4448 existens,
616 4371 733 4454 Egidio
757 4369 825 4434 filio
850 4371 988 4432 condam
1007 4370 1139 4450 Georgii
1161 4368 1261 4430 villici
1285 4381 1357 4450 post
1380 4381 1516 4429 mortem

255 4477 432 4540 Scolastice
457 4477 564 4541 uxoris
588 4497 645 4540 sue
669 4491 715 4539 est
738 4490 854 4540 statuta
883 4490 1038 4561 perpetuo
1071 4474 1266 4558 possidenda
1290 4487 1321 4535 et
1344 4472 1516 4554 superinde

254 4597 302 4647 eat
326 4584 419 4647 litera
443 4585 502 4647 sub
527 4583 680 4666 pendenti
704 4584 812 4666 sigillo
837 4581 1078 4645 communitatis
1103 4595 1261 4643 emanata.

362 4689 439 4752 ltem
457 4689 649 4754 Valentinus
664 4688 750 4752 filius
766 4689 903 4752 condam
919 4689 1051 4770 Georgii
1067 4686 1201 4770 Blasych
1219 4687 1250 4748 in
1267 4705 1323 4747 sua
1341 4699 1372 4747 et
1389 4684 1518 4747 Thome

255 4815 292 4858 ac
317 4795 527 4860 Cwetbkonis
550 4795 692 4859 liliorum
717 4796 855 4860 condam
880 4795 1047 4858 Benedicti
1071 4793 1218 4856 similiter
1242 4791 1389 4875 Elaaych,
1414 4811 1515 4872 quan-

257 4903 333 4964 dam
356 4903 484 4966 vineam
509 4921 634 4981 eorum,
658 4922 740 4964 onus
771 4921 883 4964 eorum
916 4902 947 4963 in
973 4921 1006 4962 se
1039 4901 1143 4983 ipsum
1174 4911 1289 4982 sponte
1312 4897 1519 4976 assumendo,

258 5009 291 5072 in
316 5024 425 5076 monte
454 5009 687 5094 Thoplichicza
712 5023 827 5072 vocato
846 5010 928 5072 inter
953 5009 1080 5070 vineam
1098 5007 1181 5069 Petri
1207 5007 1282 5068 dicti
1309 5005 1461 5132 Chepelra
1478 5007 1518 5067 ab
