3832 5804
383 785 462 847 Item
496 786 673 871 Elyzabetb
706 787 814 848 relicta
848 786 984 849 condam
1020 788 1147 850 Martini
1182 789 1345 868 Kusman,
1377 790 1539 870 quandam

280 892 467 974 porcionem
493 893 653 955 vinealem
679 892 835 954 lobannis
858 891 914 954 filii
949 895 1009 972 sui,
1034 895 1116 955 inter
1148 893 1273 957 vineam
1309 895 1405 956 Blasii
1429 896 1539 976 generi

278 999 454 1084 Perowycb
480 1014 511 1062 et
536 1001 618 1064 inter
641 1001 770 1061 vineam
794 999 920 1062 Nicolai
953 1001 1070 1062 sutoris
1102 999 1254 1080 habitam,
1287 1000 1424 1083 desuper
1447 1021 1464 1062 a
1489 1001 1539 1063 via

278 1107 442 1169 communi
467 1121 498 1168 et
522 1103 602 1169 infra
627 1126 729 1187 usque
753 1105 887 1167 fluvium
913 1126 946 1168 se
979 1106 1216 1186 extendentem,
1241 1108 1385 1189 predicto
1410 1107 1540 1170 Thome

277 1212 381 1294 jurato
405 1213 648 1295 consanguineo
672 1231 730 1275 suo
755 1211 900 1274 vendidit
923 1227 1080 1294 perpetuo
1104 1214 1343 1296 possidendam.

383 1319 461 1382 Item
487 1319 639 1382 dominus
664 1319 816 1382 Clemens
847 1320 1002 1402 presbiter
1045 1321 1207 1402 quandam
1242 1334 1357 1382 terram
1383 1320 1537 1382 arabilem

278 1428 309 1489 in
327 1445 441 1508 campo
466 1427 603 1488 civitatis
627 1425 767 1508 predicte
793 1427 874 1488 inter
899 1441 1014 1488 terram
1033 1427 1210 1489 liberorum
1227 1427 1364 1488 condam
1382 1426 1537 1488 lobannis

277 1535 378 1617 Bnlye
402 1547 433 1596 et
456 1533 538 1595 inter
562 1547 677 1594 terram
697 1532 859 1594 colendini
877 1531 1146 1596 confraternitatis
1179 1535 1453 1615 carpentariorum
1485 1533 1538 1594 ba-

279 1640 389 1717 bitam,
413 1653 551 1721 quatuor
564 1638 735 1720 dictarum,
759 1637 905 1700 vendidit
930 1639 1069 1700 Martino
1093 1638 1190 1720 judici
1215 1638 1283 1702 filio
1309 1639 1436 1701 Martini
1461 1659 1537 1701 ven·

278 1745 360 1808 didit
384 1759 539 1828 perpetuo
564 1743 792 1828 possidendam
817 1759 848 1807 et
865 1744 1038 1828 superinde
1063 1759 1109 1806 est
1127 1745 1217 1808 litera
1242 1745 1301 1808 sub
1326 1745 1478 1828 pendenti
1496 1746 1537 1807 si-

276 1853 356 1934 gillo
381 1851 622 1914 communitatis
645 1865 802 1912 emanata.

382 1959 460 2021 ltem
486 1957 639 2020 Clemens
663 1957 802 2038 agricola
823 1958 958 2019 servitor
975 1958 1113 2018 condam
1140 1958 1240 2020 Elene
1265 1957 1373 2021 relicte
1399 1959 1536 2020 condam

278 2063 405 2127 Thome
432 2063 578 2148 Konycb,
603 2064 765 2146 quandam
792 2064 978 2146 porcionem
1007 2083 1097 2124 suam
1131 2064 1291 2126 vinealem
1317 2065 1399 2126 inter
1422 2065 1536 2126 silvam

278 2171 414 2232 condam
440 2169 616 2232 liberorum
642 2169 791 2252 Gywani,
809 2169 948 2231 Martino
972 2168 1071 2250 judici
1089 2169 1234 2232 vendidit
1258 2183 1413 2253 perpetuo
1437 2171 1537 2253 possi·

277 2276 415 2338 dendam
440 2288 471 2336 et
495 2275 667 2358 superinde
693 2289 739 2337 est
763 2275 854 2336 litera
887 2277 946 2337 sub
971 2275 1124 2357 pendenti
1157 2275 1264 2358 sigillo
1297 2277 1537 2340 communitatis

277 2397 433 2446 emanata.

381 2489 459 2551 ltem
484 2488 641 2552 medietas
658 2489 789 2568 cellarii,
815 2489 926 2571 porcio
944 2487 1095 2550 videlicet
1112 2488 1250 2550 condam
1268 2488 1399 2551 domine
1418 2489 1536 2552 Kathe-

277 2595 344 2657 rine
368 2595 476 2657 relicte
502 2594 632 2678 Mathye
657 2595 785 2674 Farkas,
810 2607 841 2656 et
865 2609 946 2656 terre
970 2613 1026 2655 sue
1055 2595 1190 2657 arabiles
1224 2596 1306 2657 inter
1330 2594 1446 2656 fluvios
1472 2597 1535 2656 Ka·

276 2703 462 2787 lynowycza
487 2715 518 2763 et
542 2701 695 2784 Zawycza
720 2715 850 2763 vocatos
885 2721 921 2763 ac
946 2701 1028 2763 inter
1055 2716 1154 2763 terras
1180 2701 1275 2764 Blasii
1301 2702 1454 2764 institoris
1481 2701 1535 2764 ha·

276 2809 395 2896 biteuet
419 2809 599 2887 existentes,
624 2821 655 2870 et
680 2828 742 2870 una
765 2808 845 2870 silva
871 2808 902 2869 in
920 2808 1083 2870 vicinitate
1105 2808 1197 2870 vinee
1223 2808 1362 2870 Emerici
1387 2808 1534 2891 Wranyn

276 2914 401 2994 habita,
433 2935 469 2976 ex
502 2915 669 2996 legacione
701 2913 842 2998 predicte
876 2914 1007 2976 domine
1040 2913 1234 2994 Katherine,
1266 2914 1397 2976 domine
1423 2915 1536 2977 Vrsule

275 3021 366 3082 uxori
392 3021 547 3084 Antbonii
572 3021 665 3102 jurati
691 3033 722 3082 et
739 3020 843 3082 eidem
863 3019 1029 3082 Anthonio
1047 3019 1150 3102 jurato
1175 3021 1234 3082 sub
1251 3020 1403 3102 pendenti
1428 3021 1536 3102 sigillo

276 3125 1534 3209 communitatisliteriscommunitatisconfirmatesuntperpetuopossidende.

380 3233 456 3296 Item
484 3233 729 3295 Bartholomeus
754 3232 934 3316 Pakotvych
970 3232 1132 3314 quandam
1159 3233 1285 3294 vineam
1310 3251 1400 3294 suam
1426 3231 1535 3294 condi-

275 3339 434 3402 cionalem
459 3341 540 3402 inter
565 3339 739 3420 virgultum
759 3353 865 3401 nostre
889 3339 1130 3400 communitatis
1147 3354 1177 3400 et
1202 3340 1284 3401 inter
1307 3340 1434 3400 vineam
1453 3339 1536 3400 eius·

275 3447 348 3507 dem
373 3445 593 3508 Bartholomei
618 3446 772 3525 habitam,
791 3445 941 3508 Michaeli
967 3445 1052 3506 dicto
1071 3445 1210 3527 Malyalr,
1235 3444 1274 3504 de
1300 3464 1362 3526 qua
1389 3443 1533 3526 quinque

273 3553 384 3615 eubuli
415 3553 611 3635 proveniunt
642 3552 816 3614 colendino
856 3548 1123 3614 confraternitatis
1154 3550 1368 3630 sacerdotum,
1389 3549 1536 3612 vendidit

274 3673 428 3741 perpetuo
456 3659 684 3742 possidendam
710 3671 740 3720 et
764 3657 935 3740 superinde
960 3671 1006 3719 est
1039 3657 1129 3718 litera
1154 3659 1213 3718 sub
1246 3655 1399 3738 pendenti
1425 3657 1533 3738 sigillo

274 3765 515 3828 communitatis
538 3779 696 3828 emanata.

380 3871 456 3934 Item
491 3871 674 3933 Anthonius
706 3871 795 3932 saber
826 3871 989 3952 quandam
1023 3871 1149 3930 vineam
1182 3889 1272 3931 suam
1305 3871 1336 3932 in
1372 3870 1534 3932 territorio

274 3993 383 4040 nostro
408 3979 491 4040 inter
516 3978 643 4040 vineam
669 3977 823 4039 Demetrii
850 3977 888 4038 de
907 3975 1039 4059 Dedych
1059 3990 1089 4038 et
1112 3977 1193 4039 inter
1210 3977 1338 4038 vineam
1357 3977 1535 4039 Clementis

274 4085 313 4147 de
339 4085 463 4164 eadem,
489 4083 589 4146 Paulo
614 4083 744 4166 preconi
777 4083 863 4145 dicto
888 4083 1011 4143 Ztanlto
1044 4097 1074 4144 et
1100 4083 1200 4144 Paulo
1231 4103 1351 4164 genero
1375 4103 1434 4144 suo
1458 4102 1534 4144 ven·

273 4191 355 4252 didit
378 4204 533 4274 perpetuo
557 4190 786 4273 possidendam
820 4203 850 4251 et
882 4189 1053 4270 superinde
1086 4204 1131 4250 est
1163 4189 1253 4252 litera
1287 4189 1331 4252 eis
1363 4191 1422 4251 sub
1457 4209 1533 4272 pen-

273 4297 361 4359 denti
385 4297 493 4378 sigillo
517 4296 759 4360 communitatis
784 4309 941 4356 emanata.

797 4591 1007 4609 *mun-—
