3854 5798
659 1579 787 1683 (Anno
814 1577 971 1668 Domini
998 1573 1304 1676 noooouxvl.)

342 1919 432 1996 Item
460 1921 495 1995 in
531 1942 624 1995 anno
654 1917 798 1994 Domini
836 1917 1022 1992 millesimo
1059 1915 1413 2016 quadringentesimo
1451 1936 1604 2012 sexage-

342 2045 433 2120 simo
462 2052 578 2134 sexto,
608 2051 773 2143 tempore
805 2042 975 2118 videlicet
1012 2035 1189 2129 iudicatus
1227 2039 1329 2115 tercii
1366 2039 1430 2114 viri
1468 2037 1605 2138 providi

343 2175 381 2244 et
409 2167 660 2266 circumspecti
690 2165 862 2240 Anthonii
881 2163 939 2240 filii
964 2163 1114 2257 Thome,
1133 2187 1284 2264 presens
1314 2163 1519 2239 cathernum
1549 2169 1608 2236 est

341 2289 475 2366 factum
504 2289 596 2366 feria
623 2297 729 2366 sexta
758 2289 920 2388 proxima
948 2295 1033 2364 ante
1068 2288 1201 2364 festum
1237 2285 1505 2363 Purificacionis
1533 2285 1604 2360 vir·

342 2415 436 2514 ginis
465 2414 638 2514 gloriose,
666 2437 758 2489 nunc
776 2413 938 2513 proxime
961 2420 1157 2504 venturum,
1187 2435 1296 2512 super
1323 2409 1605 2508 consignacione

343 2545 381 2613 et
408 2537 674 2636 registracione
703 2537 885 2612 literarum
904 2536 1179 2636 privilegialiutn
1207 2535 1333 2612 civium
1366 2541 1404 2610 et
1431 2533 1605 2609 inhabita·

341 2671 461 2739 torum
490 2662 585 2739 dicte
624 2663 780 2739 civitatis
818 2687 928 2762 super
964 2661 1259 2762 possessionibus
1297 2659 1467 2760 ipsorum,
1493 2655 1604 2732 rnodo

740 2794 778 2862 et
806 2786 930 2862 ordine
959 2785 1208 2886 infrascriptis.

857 3049 918 3114 (31.
935 3037 1101 3114 J'crnuarii).

449 3195 527 3258 Item
553 3196 628 3278 quia
652 3195 700 3257 vir
724 3195 878 3279 providus
903 3211 933 3259 et
958 3197 1206 3280 circumspectus
1234 3195 1397 3258 iohannes
1420 3192 1506 3257 filius
1530 3213 1604 3256 con·

343 3301 417 3364 dam
442 3302 524 3366 Pero
540 3301 634 3384 jurati
658 3303 765 3364 senior
781 3303 877 3386 judex
894 3317 925 3365 et
949 3304 1090 3366 concivis
1107 3317 1225 3383 noster,
1248 3302 1416 3386 providam
1434 3300 1603 3363 mulierem

343 3407 442 3471 filiam
468 3410 605 3471 condam
631 3409 765 3472 Fabiani
784 3409 1042 3496 Drachchewych
1063 3411 1103 3473 de
1120 3411 1317 3473 Adamowcz
1335 3429 1407 3472 cum
1433 3407 1604 3470 sufficienti

344 3529 375 3579 et
398 3517 602 3579 concerneuti
626 3529 810 3579 nostrorum
828 3518 1010 3579 concivium
1039 3518 1225 3580 testimonio
1241 3518 1274 3581 in
1290 3530 1413 3600 septem
1438 3515 1507 3578 flor.
1525 3514 1605 3592 auri,

344 3642 426 3705 quos
450 3622 535 3685 idem
562 3623 724 3686 Jobannes
756 3623 852 3706 judex
886 3623 945 3707 ipsi
970 3623 1095 3706 Agathe
1127 3623 1255 3686 mulieri
1287 3641 1389 3705 usque
1414 3621 1454 3684 ad
1478 3635 1606 3703 tempus

342 3729 558 3792 restitucionis
582 3729 705 3792 dudum
723 3730 964 3793 accomodasaet
979 3750 1075 3813 super
1090 3729 1215 3792 literam
1233 3730 1326 3792 vinee
1344 3729 1443 3812 ipsius
1466 3729 1498 3790 in
1516 3727 1605 3790 terri-

342 3837 426 3899 torio
450 3836 534 3899 dicte
557 3837 693 3900 civitatis
710 3836 863 3917 habitam,
889 3857 951 3919 que
969 3837 1054 3920 apud
1081 3837 1185 3920 ipsum
1203 3836 1382 3898 Jobannem
1400 3854 1501 3918 usque
1519 3853 1604 3896 nunc

342 3942 542 4024 inredempta
574 3941 673 4022 foret,
699 3963 805 4006 coram
840 3945 933 4007 nobis
957 3945 1145 4008 debitricem
1169 3963 1261 4006 suam
1289 3941 1357 4005 fore
1381 3941 1604 4024 comprobavit

343 4047 522 4129 manifeste,
555 4064 586 4113 et
610 4051 686 4132 quia
722 4051 790 4112 eius
823 4051 947 4132 Agathe
980 4051 1108 4114 mulieri
1132 4049 1326 4113 sufficientes
1357 4050 1486 4112 termini
1517 4049 1604 4110 aolu-

343 4156 444 4218 cionis
465 4169 588 4239 septem
613 4156 682 4219 flor.
708 4157 777 4218 auri
795 4157 861 4220 dati
886 4155 1025 4237 fuerunt,
1043 4173 1074 4221 et
1098 4159 1165 4241 ipsa
1183 4157 1314 4220 eosdem
1339 4156 1443 4220 eidem
1470 4155 1604 4218 minime

342 4261 466 4324 solvere
491 4263 623 4342 curavit,
648 4263 723 4324 ideo
747 4262 888 4346 prefatus
906 4264 1068 4326 lohannes
1085 4263 1181 4346 judex
1194 4264 1401 4347 prescriptam
1418 4263 1546 4324 vineam
1571 4262 1602 4323 in

342 4368 503 4430 territorio
527 4381 636 4431 nostro
661 4369 743 4430 iuter
766 4370 895 4432 vineam
912 4390 1133 4433 successorum
1154 4370 1291 4433 condam
1318 4370 1496 4433 Sebastiaui
1521 4371 1604 4452 agri·

342 4474 411 4536 cole
437 4475 516 4537 olim
543 4477 684 4538 concivis
708 4477 808 4538 nostri
842 4475 900 4538 filii
927 4477 1082 4560 Stephani
1113 4497 1149 4540 ac
1174 4479 1255 4539 iuter
1287 4477 1372 4539 viam
1397 4495 1603 4539 communem

342 4595 401 4644 etc.
425 4582 577 4662 habitam,
602 4603 676 4645 curn
701 4583 767 4644 suis
783 4584 988 4666 pertinenciis
1016 4585 1172 4646 universis
1189 4584 1356 4646 Matbkoni
1381 4584 1519 4646 institori
1536 4583 1604 4646 filio

342 4687 493 4751 videlicet
516 4689 646 4751 Thome
671 4689 818 4752 similiter
835 4691 958 4753 concivi
977 4705 1086 4753 nostro
1103 4691 1277 4753 successori
1295 4691 1432 4754 condam
1450 4691 1605 4754 Jobannis

343 4793 498 4856 carnificis
522 4795 695 4881 Rauychyn
721 4795 797 4858 dicti
822 4817 857 4859 ac
882 4817 938 4880 per
954 4816 1028 4859 eum
1053 4798 1152 4880 ipsius
1169 4797 1341 4860 heredibus
1364 4817 1422 4880 pro
1445 4798 1602 4880 premisso

343 4899 453 4963 debito
466 4916 588 4985 septem
602 4902 684 4982 flor„
699 4923 734 4965 ac
752 4904 852 4965 eciam
867 4923 925 4986 pro
939 4919 1011 4966 octo
1025 4903 1094 4965 flor.
1112 4917 1143 4966 et
1159 4905 1308 4966 undecim
1322 4905 1441 4986 grossis
1457 4905 1602 4968 venecia·

341 5007 436 5087 libus,
461 5027 557 5090 quern
574 5008 733 5072 florenum
751 5024 782 5073 et
798 5011 947 5073 undecim
965 5029 1092 5091 grossos
1109 5011 1261 5092 magistro
1275 5011 1412 5073 Jobanni
1429 5011 1603 5096 Perowych
