3816 5802
415 512 457 572 60
936 514 1022 568 Anao
1045 508 1139 586 1446.

412 727 490 805 berg
516 743 551 786 ac
576 724 708 786 domine
733 725 834 787 Elene
858 743 913 785 sue
939 723 1092 800 consorti,
1115 741 1172 805 per
1188 723 1293 804 ipsum
1318 735 1349 784 et
1373 742 1429 804 per
1452 741 1508 784 eos
1532 722 1674 802 ipsorum

411 831 583 892 heredibus
614 851 672 912 pro
704 845 832 892 centurn
866 845 896 892 et
929 830 1106 910 nonaginta
1138 828 1208 890 flor.
1240 829 1308 889 auri
1341 828 1488 890 vendidit
1519 841 1674 910 perpetuo

410 937 620 1019 possidendas
644 957 683 1000 ex
707 957 865 1000 consensu
897 939 1080 999 vicinorum
1112 935 1344 1018 predictorum,
1368 937 1410 997 ita
1435 951 1554 1013 tamen,
1586 935 1673 1016 quod

411 1044 478 1126 ipse
502 1042 664 1104 lohannes
689 1044 815 1104 institor
832 1059 863 1105 et
886 1043 1018 1104 domina
1038 1041 1138 1103 Elena
1164 1061 1219 1102 sua
1237 1061 1369 1103 consors
1385 1055 1417 1104 et
1431 1061 1487 1124 per
1511 1059 1566 1102 eos
1589 1041 1673 1123 ipso·

409 1169 480 1211 rum
505 1149 637 1212 heredes
662 1151 810 1232 quolibet
832 1170 918 1212 anno
943 1151 975 1211 in
1007 1149 1059 1210 die
1085 1148 1378 1231 Ramispalmarum
1403 1147 1485 1209 duos
1509 1147 1580 1209 flor.
1604 1147 1672 1208 auri

408 1277 463 1318 seu
488 1276 593 1318 ceram
618 1277 676 1340 pro
705 1257 833 1318 duobus
864 1255 994 1318 florenis
1024 1256 1093 1318 auri
1125 1274 1183 1338 pro
1225 1255 1391 1316 »Exultetr
1427 1269 1459 1316 et
1482 1254 1554 1316 aliis
1577 1253 1672 1314 lurni-

413 1363 543 1424 naribus
566 1383 602 1424 ac
627 1363 783 1445 dupleriis
807 1363 846 1424 ad
871 1361 1038 1424 ecclesiam
1057 1375 1200 1422 nostram
1224 1361 1441 1443 parochialem
1464 1360 1547 1422 beati
1573 1360 1671 1421 Marci

409 1471 614 1552 ewangeliste
647 1472 679 1532 in
713 1470 826 1532 eadem
858 1469 992 1530 ecclesia
1024 1483 1131 1530 nostra
1172 1467 1348 1549 parochiali
1379 1467 1420 1529 ad
1459 1467 1588 1529 laudem
1620 1466 1671 1526 dei

409 1577 641 1660 omnipotentis
665 1577 704 1638 ad
729 1591 875 1659 tempora
893 1575 1032 1658 pascalia
1050 1575 1259 1658 preparandis
1282 1590 1313 1638 et
1328 1574 1395 1637 fieri
1421 1575 1577 1638 debendis
1594 1575 1670 1636 dare

408 1683 546 1746 debeant
571 1697 602 1746 et
624 1684 748 1746 solvere
772 1697 953 1746 teneantur.

416 1887 496 1958 ltem
525 1885 609 1958 leria
638 1896 762 1977 quarta
782 1889 937 1976 proxima
957 1895 1034 1975 post
1049 1886 1169 1958 testam
1189 1888 1279 1958 beati
1309 1886 1484 1958 laurencii
1508 1882 1670 1956 martiris.

916 2037 979 2118 (11.
1003 2037 1152 2118 augurer).

514 2162 590 2224 ltem
617 2161 778 2224 Seboldus
810 2162 919 2246 Mayar
953 2161 1031 2223 alias
1062 2181 1171 2224 comes
1199 2162 1303 2243 campi
1336 2161 1561 2242 zagrabiensis‚
1593 2179 1671 2222 con·

406 2269 483 2330 civis
507 2283 625 2348 noster,
649 2267 812 2350 quandam
838 2269 971 2329 domum
1004 2288 1095 2330 suam
1129 2283 1288 2330 muratam
1318 2268 1414 2330 simul
1447 2285 1519 2328 curn
1545 2267 1670 2328 duabus

405 2375 602 2436 stacionibus
625 2394 681 2436 sen
706 2373 852 2436 fenestris
876 2375 1056 2436 stacionum
1089 2375 1232 2452 muratis,
1264 2395 1301 2436 ac
1326 2373 1434 2436 lundis
1457 2389 1488 2435 et
1512 2370 1670 2434 hedificiis

404 2494 469 2542 tam
495 2481 594 2562 lignei
619 2500 715 2562 quam
741 2481 860 2564 lapidei
895 2481 1001 2563 operis
1033 2482 1112 2542 inibi
1145 2481 1261 2543 habitis
1294 2495 1326 2542 et
1356 2481 1545 2543 constructis
1567 2500 1605 2540 ac
1626 2480 1668 2540 ci-

404 2601 508 2648 sterna
534 2587 654 2648 ibidem
679 2587 786 2648 habita
810 2603 841 2649 et
865 2587 984 2648 celario
1008 2587 1156 2649 similiter
1185 2603 1311 2650 murato
1336 2603 1367 2650 et
1390 2589 1609 2666 subterraneo,
1634 2587 1667 2648 in

405 2693 488 2754 dicta
512 2693 638 2754 civitate
664 2708 748 2754 retro
772 2695 948 2756 stacionem
981 2707 1139 2756 muratam
1165 2708 1196 2756 et
1229 2694 1365 2756 lundum
1391 2694 1571 2756 Sebastiani
1597 2693 1668 2755 Sol-

406 2799 497 2860 dinar
529 2799 652 2881 pridem
685 2797 777 2880 jurati
811 2802 1015 2883 concisisque
1049 2802 1148 2862 nostri
1180 2801 1238 2863 filli
1275 2803 1388 2864 Radko
1420 2801 1460 2861 de
1493 2801 1668 2882 Rowysno‚

404 2925 440 2967 ac
465 2908 546 2968 inter
570 2904 688 2968 fundos
712 2907 868 2968 lobannis
901 2907 1067 2986 institoris,
1092 2909 1217 2990 pridem
1249 2899 1396 2970 similiter
1420 2906 1512 2987 jurati
1538 2921 1568 2968 et
1591 2925 1668 2968 con·

404 3013 482 3074 civis
506 3014 616 3092 nostri,
641 3033 676 3074 ac
702 3013 878 3075 liberorum
903 3033 960 3076 sen
985 3034 1204 3076 successorum
1230 3014 1369 3076 condam
1395 3013 1496 3090 Bauls,
1521 3015 1560 3074 ab
1584 3013 1666 3075 occi·

404 3119 511 3198 dente,
536 3139 592 3181 nec
617 3139 682 3181 non
708 3119 790 3181 inter
814 3119 946 3182 domum
965 3120 1113 3182 similiter
1131 3135 1289 3181 muratam
1307 3133 1338 3181 et
1355 3117 1492 3180 fundum
1517 3139 1552 3180 ac
1576 3117 1666 3180 hedi·

404 3223 473 3287 ficia
499 3227 557 3287 viri
582 3226 729 3288 similiter
745 3226 872 3307 prnvidl
897 3241 927 3286 et
944 3225 1070 3288 honesti
1095 3226 1222 3288 Nicolai
1240 3224 1392 3287 aurifabri
1410 3225 1535 3307 pridem
1552 3225 1667 3306 judicis

403 3333 608 3414 concisisque
632 3333 731 3394 nostri
757 3332 813 3394 filii
839 3333 934 3410 Petri,
958 3353 976 3394 a
1000 3333 1240 3414 septemtrione,
1273 3347 1303 3392 et
1328 3332 1409 3393 inter
1434 3331 1569 3392 domum
1594 3351 1664 3393 mu-

403 3453 502 3500 ratam
526 3459 562 3501 ac
586 3438 723 3502 fundum
749 3439 881 3501 domine
899 3438 1100 3520 Margarethe
1121 3439 1228 3500 relicte
1247 3437 1384 3499 condam
1403 3439 1516 3500 Briccii
1540 3437 1664 3517 judicis,

402 3547 441 3607 ab
466 3547 588 3608 oriente
623 3546 765 3608 habitam
791 3560 822 3607 et
849 3545 1048 3624 existentem,
1073 3545 1214 3607 mediam
1247 3546 1367 3607 curiam
1392 3559 1424 3607 et
1448 3545 1586 3606 mediam
1610 3565 1663 3606 oc·

402 3667 505 3714 taram
531 3653 616 3713 curie
641 3653 673 3713 in
698 3671 730 3713 se
755 3653 986 3730 continentem,
1012 3671 1085 3714 cum
1109 3653 1262 3714 omnibus
1285 3653 1351 3714 suis
1374 3653 1495 3730 usibus,
1520 3652 1661 3714 utilitati-

403 3759 462 3819 bus
486 3771 516 3819 et
539 3758 746 3840 pertinenciis
772 3759 928 3820 universis
961 3757 1083 3840 prelato
1109 3758 1299 3820 Sebastiano
1323 3758 1474 3820 Soldinar
1497 3772 1660 3840 tamquam

404 3865 458 3926 uni
484 3864 643 3945 propriori
669 3865 776 3925 vicino
816 3883 853 3926 ex
886 3884 1043 3926 consensu
1075 3865 1213 3926 aliorum
1239 3879 1303 3926 tarn
1337 3865 1540 3946 propriorum
1565 3883 1660 3945 quarn

401 3983 598 4031 remotorum
623 3971 803 4032 vicinorum
829 3990 961 4032 suorum
987 3991 1045 4052 pro
1074 3971 1221 4033 ducentis
1254 3970 1323 4033 llor.
1349 3972 1416 4033 auri
1443 3971 1658 4054 pereundam

402 4075 625 4136 Sebastianum
651 4075 802 4137 Soldinar
827 4077 885 4157 ipsi
912 4076 1056 4139 Seboldo
1075 4077 1186 4160 hlayar
1207 4077 1302 4159 plene
1319 4077 1491 4159 persolutis
1515 4077 1661 4138 vendidit

401 4197 556 4264 perpetuo
589 4182 817 4264 possidendam
842 4197 873 4245 et
895 4185 1066 4266 superinde
1092 4199 1138 4245 est
1169 4185 1259 4246 litera
1288 4185 1347 4245 sub
1372 4184 1525 4266 pendenti
1551 4183 1656 4266 sigillo

400 4288 639 4350 communitatis
663 4289 769 4351 eidem
796 4289 984 4352 Sebastiano
1010 4291 1162 4353 Soldinar
1190 4289 1334 4352 conlecta
1359 4305 1390 4353 et
1414 4306 1572 4353 emanata.

453 4491 535 4563 ltem
564 4491 649 4563 feria
679 4495 797 4582 quinta
827 4497 981 4582 proxima
1011 4502 1086 4584 post
1115 4495 1237 4566 festum
1258 4492 1490 4566 conversionis
1518 4493 1606 4567 beati

890 4617 986 4688 Pauli
1015 4617 1170 4707 apostoli.

802 4781 863 4847 (27.
881 4773 1032 4847 shnuarii,
1056 4791 1125 4832 ann.
1151 4768 1260 4849 1446).

505 4891 582 4955 ltem
612 4894 762 4956 dominus
794 4895 906 4957 Petrus
938 4895 1092 4977 presbiter
1124 4895 1368 4958 archidiaconus
1400 4896 1439 4957 de
1466 4897 1604 4958 Kemlulr
1628 4912 1659 4959 et

399 5000 572 5062 canonicus
603 5002 735 5064 ecclesie
768 5003 983 5084 zagrabiensis
1015 5002 1177 5084 quandam
1207 5004 1341 5065 domum
1374 5023 1464 5066 suam
1501 5018 1656 5066 muratam
