3832 5804
389 531 452 574 220
926 514 1014 573 Anno
1037 511 1129 592 1462.

385 725 467 788 torie
492 739 732 806 concernentes,
756 741 792 788 nt
808 726 868 789 hoc
894 727 925 788 in
944 726 1084 808 quadam
1104 726 1196 788 litera
1212 738 1321 787 nostra
1344 744 1401 786 seu
1425 725 1561 787 civitatis
1580 745 1650 807 pre·

386 832 448 896 fate
473 832 666 916 privilegiali
707 847 852 916 tempore
885 833 1045 916 judicatus
1076 833 1213 896 condam
1247 831 1413 896 Benedicti
1445 831 1559 916 judicis
1591 830 1649 894 filii

387 939 554 1001 Michaelis
577 939 617 1001 de
641 959 727 1002 anno
752 939 885 1002 Domini
910 941 1084 1004 millesimo
1116 939 1435 1022 quadringentesimo
1467 939 1645 1020 quadrage·

385 1045 468 1107 simo
492 1046 592 1108 tercio
617 1046 649 1107 in
685 1044 766 1108 festo
792 1047 876 1108 beati
902 1046 1061 1108 Francisci
1099 1044 1291 1108 confessoris
1318 1043 1520 1128 aliquamdiu
1543 1059 1645 1127 prete-

386 1151 463 1230 ritis,
487 1172 546 1233 pro
570 1167 658 1235 parte
683 1153 828 1235 ipsorum
853 1153 983 1214 Martini
1007 1167 1038 1215 et
1061 1152 1223 1215 Valentini
1257 1149 1410 1213 confectis
1434 1163 1465 1213 et
1489 1150 1645 1212 emanatis

387 1279 423 1320 ac
448 1279 555 1322 coram
581 1260 675 1322 nobis
706 1259 871 1340 productis
902 1259 965 1322 fide
997 1259 1154 1322 contineri
1189 1257 1329 1320 vidimus
1360 1256 1505 1335 oculata,
1537 1256 1644 1319 taliter

385 1380 486 1427 metas
510 1367 591 1429 inter
614 1387 647 1428 se
672 1365 821 1428 fecissent
845 1381 875 1427 et
900 1365 1093 1444 divisissent,
1117 1365 1206 1448 quod
1230 1365 1333 1447 prima
1358 1379 1443 1426 meta
1467 1363 1580 1446 incipit
1593 1363 1649 1424 de·

384 1492 521 1554 supera
545 1473 596 1534 via
620 1474 785 1536 communi
811 1491 910 1554 penes
933 1471 1099 1555 quoddam
1125 1473 1213 1534 littus
1237 1470 1336 1552 bregh
1367 1471 1487 1532 dictum
1513 1469 1545 1530 in
1571 1489 1648 1551 qna·

385 1579 459 1640 dam
484 1599 605 1660 quercu
630 1599 723 1642 cruce
748 1579 872 1661 signata
897 1593 927 1642 et
951 1599 1008 1662 pet
1041 1579 1124 1661 ipsas
1151 1593 1256 1661 partes
1289 1597 1347 1660 pro
1372 1591 1455 1638 meta
1481 1577 1594 1655 locata,
1619 1589 1650 1637 et

385 1685 424 1747 de
449 1686 516 1768 ipsa
541 1688 655 1748 arbore
679 1705 800 1768 quercu
818 1686 905 1748 vadit
928 1685 968 1746 ad
990 1699 1114 1768 partem
1131 1684 1321 1747 orientalem
1347 1703 1445 1766 penes
1469 1681 1647 1765 predictam

385 1794 512 1854 vincam
536 1793 718 1854 Jelenowcz
743 1807 774 1854 et
796 1793 943 1876 pervenit
967 1792 1006 1853 ad
1032 1792 1194 1874 quandam
1213 1794 1361 1853 arborem
1386 1790 1477 1851 nucis
1500 1787 1650 1850 similiter

384 1917 476 1959 cruce
500 1899 655 1980 signatam
682 1913 713 1960 et
737 1917 795 1980 pto
820 1913 904 1961 meta
929 1897 1078 1976 locatam,
1102 1899 1218 1960 abhinc
1242 1897 1282 1960 ad
1307 1911 1430 1981 partem
1455 1895 1646 1958 orientalem

384 2005 590 2086 procedendo
614 2006 823 2088 pervenitad
848 2006 1011 2086 quandam
1036 2007 1183 2066 arborem
1213 2005 1319 2087 pruni,
1343 2003 1459 2066 dehinc
1483 2002 1648 2064 descendit

384 2111 423 2172 nd
448 2111 567 2172 vallem
592 2127 623 2174 et
647 2132 702 2194 per
727 2111 863 2174 eandem
888 2113 1004 2173 vallem
1030 2112 1138 2173 eundo
1168 2111 1313 2192 pervenit
1337 2125 1368 2172 et
1392 2110 1486 2170 intrat
1511 2107 1646 2169 fluvium

385 2218 568 2279 Jelenowcz
593 2231 741 2279 vocatum
760 2233 791 2279 et
815 2219 858 2279 ibi
883 2220 1107 2280 terminantur.
1129 2217 1333 2300 Qucquidem
1354 2217 1446 2278 vinea
1465 2214 1647 2277 Jelenowcz

382 2343 454 2384 cum
479 2325 545 2384 suis
569 2325 692 2386 cunctis
717 2324 908 2386 utilitatibus
933 2339 964 2386 et
988 2325 1080 2386 metis
1111 2324 1263 2406 predictis
1288 2345 1305 2384 a
1331 2337 1419 2405 parte
1443 2319 1646 2402 septemtrio·

383 2430 448 2492 nali
472 2430 531 2512 ipsi
558 2431 697 2491 Martino
721 2430 831 2510 judici,
856 2431 918 2491 alia
941 2450 1018 2492 vero
1042 2430 1154 2513 porcio
1171 2429 1315 2491 eiusdem
1340 2450 1357 2490 a
1382 2442 1470 2510 parte
1495 2425 1645 2487 meridio-

383 2536 448 2598 nali
473 2537 532 2618 ipsi
558 2536 732 2600 Valentino
763 2536 862 2618 judici
896 2537 1040 2599 cessisset
1073 2537 1105 2599 in
1138 2537 1325 2620 porcionem
1358 2547 1514 2618 perpetuo
1546 2533 1645 2614 possi-

382 2642 489 2705 denda
512 2657 572 2706 etc.

489 2749 587 2823 Quod
613 2750 688 2830 quia
713 2749 853 2832 quedam
878 2763 959 2813 terra
985 2751 1115 2812 arabilis
1131 2751 1164 2812 in
1189 2768 1304 2831 campo
1329 2762 1360 2810 et
1383 2747 1544 2810 territorio
1569 2745 1645 2808 civi·

380 2856 454 2918 tatis
478 2856 599 2939 prefate
631 2857 742 2938 Krogh
776 2857 951 2938 vulgariter
982 2857 1145 2940 appellato
1178 2871 1262 2919 tetro
1293 2855 1447 2916 videlicet
1477 2853 1645 2916 ecclesiam

382 2963 466 3025 beati
491 2964 617 3026 Nicolai
642 2963 834 3026 confessoris
858 2965 1014 3045 Zagrabie
1039 2963 1217 3043 fundatam,
1250 2977 1281 3025 et
1305 2963 1388 3024 inter
1411 2959 1586 3043 quemdam
1603 2960 1645 3021 ri-

382 3070 493 3131 vulum
519 3091 575 3132 seu
608 3070 743 3132 fluvium
777 3071 926 3134 metalern
966 3085 1072 3133 nostre
1105 3070 1344 3134 communitatis
1377 3083 1408 3131 et
1440 3072 1522 3130 inter
1546 3081 1645 3129 terras

382 3176 518 3237 arabiles
542 3177 668 3258 providi
694 3192 725 3239 et
748 3177 969 3258 circumspecti
987 3178 1045 3238 viri
1060 3177 1215 3239 lobannis
1231 3175 1366 3237 senioris
1383 3173 1497 3256 judicis
1521 3187 1552 3234 et
1569 3192 1643 3234 con·

386 3281 464 3342 civis
489 3284 587 3344 nostri
612 3282 669 3344 filii
694 3284 778 3344 Petri
803 3298 834 3346 et
865 3299 980 3346 terrant
1014 3283 1148 3365 predicti
1178 3281 1341 3345 colendini
1376 3279 1644 3342 confraternitatis

382 3386 649 3450 Tetvtunicorum
674 3403 705 3450 et
728 3390 810 3451 inter
842 3403 959 3452 terram
993 3391 1147 3452 arabilem
1180 3389 1348 3472 hospitalis
1378 3387 1512 3450 ecclesie
1536 3399 1643 3448 nostre

382 3494 473 3556 beate
499 3495 598 3556 Marie
623 3495 757 3577 virginis
781 3497 812 3558 in
839 3497 923 3559 dicta
955 3497 1081 3558 civitate
1114 3494 1245 3557 fundate
1270 3515 1307 3556 ac
1331 3495 1414 3557 inter
1437 3509 1554 3556 terram
1589 3512 1642 3553 co-

381 3599 503 3662 lendini
528 3617 672 3664 sutorum
704 3623 794 3665 secus
827 3605 894 3665 vias
924 3618 1113 3666 communes
1145 3605 1353 3684 existentem,
1385 3616 1458 3664 octo
1482 3601 1533 3662 vel
1565 3601 1642 3663 citra

382 3705 483 3768 dietas
505 3721 587 3770 terre
619 3709 709 3770 inse
743 3710 974 3790 continentem,
1007 3730 1064 3792 per
1094 3709 1253 3793 prefatum
1285 3709 1493 3772 colendinutn
1519 3705 1643 3770 confra-

381 3813 537 3876 ternitatis
571 3815 858 3878 Thewtonicorum
891 3838 908 3878 a
948 3817 1175 3880 comnrissariis
1210 3831 1242 3879 et
1283 3817 1507 3878 executoribus
1538 3813 1642 3876 ultimi

384 3920 564 3981 testamenti
590 3921 727 3982 condam
752 3923 885 4003 provide
909 3937 940 3985 et
968 3923 1100 3986 honeste
1133 3921 1277 3984 mulieris
1309 3921 1509 4003 Margarethe
1534 3921 1643 3982 relicte

382 4026 519 4087 condam
558 4029 681 4111 Bryccii
719 4029 825 4113 Rybar
860 4031 937 4092 dicti
961 4031 1040 4092 olim
1076 4029 1169 4112 jurati
1206 4043 1237 4091 et
1268 4029 1410 4091 concivis
1444 4028 1544 4089 nostri
1584 4045 1643 4109 pro

383 4132 595 4214 quadraginta
620 4134 689 4196 flor.
714 4137 782 4197 auri
807 4151 913 4218 empta
938 4151 969 4198 et
989 4151 1144 4220 perpetuo
1162 4135 1375 4218 possidenda;
1400 4137 1477 4197 item
1502 4133 1643 4196 secunda

380 4251 463 4299 terra
487 4241 617 4302 arabilis
642 4241 673 4301 in
699 4243 843 4323 predicto
867 4263 982 4324 campo
1004 4243 1114 4324 Krogh
1138 4257 1252 4305 vocato
1269 4262 1369 4325 prope
1395 4256 1427 4304 et
1451 4261 1550 4324 penes
1574 4259 1643 4322 pre·

381 4343 481 4404 dictas
504 4359 578 4406 octo
603 4347 704 4408 dietas
719 4361 801 4410 terre
819 4349 894 4410 dicti
920 4351 1083 4410 colendini
1097 4349 1355 4412 Teutonicorum
1373 4363 1403 4411 et
1426 4347 1642 4430 supradictam

380 4465 494 4512 terram
519 4452 710 4534 hospitalem
735 4455 853 4533 habita,
890 4476 986 4517 unam
1012 4457 1129 4518 dietam
1158 4471 1241 4519 terre
1266 4458 1298 4518 in
1323 4477 1355 4518 se
1381 4456 1560 4533 continens,
1586 4473 1643 4536 per

382 4555 765 4640 prefatumsscolendinum
784 4562 883 4643 ipsius
899 4561 1170 4624 confraternitatis
1186 4564 1445 4626 Teutonicorum
1462 4561 1639 4623 similitera

381 4663 606 4726 commissoriis
630 4679 661 4728 et
685 4668 907 4730 executoribus
931 4669 1035 4730 ultimi
1054 4671 1192 4732 verbalis
1216 4671 1399 4732 testamenti
1424 4668 1562 4732 condam
1581 4666 1641 4728 viri

382 4769 473 4846 probi
499 4783 530 4832 et
553 4771 677 4832 honesti
703 4773 831 4835 Thome
848 4776 965 4837 sutoris
983 4775 1142 4858 Oczwyrk
1159 4777 1236 4839 dicti
1252 4797 1310 4860 pro
1327 4791 1448 4859 septem
1468 4776 1538 4839 lior.
1556 4773 1642 4849 auri;

382 4872 456 4934 item
481 4877 578 4938 tercia
602 4893 683 4938 terra
707 4880 835 4940 arabilis
860 4881 891 4941 in
917 4901 1031 4963 campo
1056 4897 1087 4944 et
1103 4884 1264 4946 territorio
1290 4884 1427 4946 civitatis
1450 4885 1533 4945 inter
1557 4883 1641 4944 viam

382 4997 585 5045 communem
611 5005 627 5045 a
652 5001 739 5068 parte
764 4988 1017 5069 septemtrionali
1043 5003 1073 5053 et
1091 4990 1173 5052 inter
1189 5006 1306 5054 terram
1324 4991 1468 5054 annotati
1487 4991 1642 5056 Johannis
