3832 5804
262 799 489 882 possidendam
516 815 546 862 et
569 799 741 882 superinde
767 799 843 882 ipsis
868 813 913 861 est
939 799 1028 860 litera
1057 799 1265 881 privilegialis
1289 802 1349 862 sub
1374 800 1526 884 pendenti

262 906 368 986 sigillo
393 906 633 968 communitatis
658 919 816 968 emanata.

368 1029 445 1090 ltem
471 1031 582 1092 Petrus
605 1029 689 1092 lilius
714 1029 869 1092 Johannis
900 1031 938 1092 de
972 1033 1216 1116 Bosyalcowyna
1249 1033 1370 1115 lwsych
1408 1032 1522 1110 dictus,

263 1136 469 1198 medietatem
496 1136 662 1198 cuiusdam
688 1137 815 1214 domus,
842 1137 932 1199 fundi
951 1152 982 1200 et
1006 1139 1112 1200 celarii
1131 1140 1328 1201 subterranei
1352 1159 1387 1200 ac
1412 1137 1523 1200 hedifi-

262 1243 385 1304 ciorum
412 1244 442 1304 in
469 1244 631 1305 vicinitate
656 1243 773 1305 domus
797 1243 927 1306 domine
954 1244 1145 1325 Magdalene
1163 1245 1270 1307 habite
1295 1259 1326 1307 et
1350 1245 1523 1323 existentis,

264 1369 364 1410 unum
384 1363 528 1430 quartam
547 1349 633 1411 curie
659 1351 690 1411 in
715 1371 749 1412 se
773 1351 1003 1430 continentem,
1021 1351 1192 1413 Valentino
1210 1350 1276 1412 lilio
1299 1351 1465 1430 Anthonii,
1491 1365 1526 1412 ut

263 1476 348 1518 novo
373 1457 498 1518 concivi
524 1471 643 1534 nostro,
669 1476 727 1539 pro
760 1458 860 1519 tribus
892 1457 960 1520 flor.
993 1458 1061 1518 auri
1094 1478 1130 1520 ex
1164 1478 1321 1519 consensu
1345 1458 1526 1518 vicinorum

266 1563 412 1624 vendidit
442 1577 599 1645 perpetuo
624 1564 850 1646 possidendam
869 1578 900 1625 et
916 1565 1088 1646 superinde
1113 1579 1159 1626 est
1176 1565 1266 1626 litera
1291 1565 1349 1626 sibi
1368 1565 1426 1625 sub
1451 1583 1527 1644 pen·

265 1669 351 1730 denti
376 1669 482 1750 sigillo
508 1671 748 1730 communitatis
773 1685 930 1732 emanata.
1476 1685 1479 1691 ·

370 1793 447 1855 ltem
474 1793 636 1856 Johannes
654 1795 779 1856 institor
797 1795 900 1856 dictus
918 1795 1034 1856 bolsak
1052 1794 1137 1856 lilius
1155 1795 1292 1873 Nicolai,
1310 1795 1416 1856 senior
1433 1793 1528 1875 judex

266 1915 297 1962 et
321 1900 462 1961 concivis
488 1915 604 1980 noster,
629 1903 790 1982 quandam
810 1902 936 1962 vineam
956 1921 1045 1964 suam
1066 1904 1097 1962 in
1115 1902 1276 1963 territorio
1293 1901 1429 1962 civitatis
1447 1901 1528 1960 inter

264 2007 392 2068 vineam
417 2006 581 2068 Benedicti
608 2007 760 2070 institoris
784 2023 814 2068 et
843 2009 924 2069 inter
957 2008 1036 2070 duas
1061 2009 1127 2070 vias
1159 2027 1348 2068 communes
1384 2007 1526 2067 habitam

266 2113 413 2174 Emerico
438 2113 577 2193 agricole
603 2113 669 2174 lilio
695 2114 825 2196 Mathye
850 2135 908 2197 pro
932 2135 985 2176 sex
1010 2113 1079 2176 flor.
1105 2115 1172 2176 auri
1201 2113 1347 2174 vendidit
1371 2125 1527 2194 perpetuo

264 2219 490 2300 possidendam
514 2239 551 2280 ex
576 2239 734 2281 consensu
759 2221 853 2282 vicini
877 2220 1009 2302 predicti
1030 2233 1060 2282 et
1085 2219 1257 2301 superinde
1282 2233 1327 2280 est
1351 2218 1411 2279 sibi
1437 2217 1527 2278 litera

264 2327 473 2407 privilegialis
498 2329 556 2387 sub
582 2327 733 2408 pendenti
751 2327 859 2408 sigillo
884 2328 1123 2389 communitatis
1148 2341 1305 2388 emanata.

372 2450 447 2510 ltem
473 2449 635 2512 Johannes
661 2451 801 2512 Francus
825 2450 908 2513 filius
933 2451 1069 2513 condam
1101 2451 1229 2532 Mathye
1254 2449 1363 2530 generi
1389 2447 1526 2510 condam

267 2555 434 2638 Rakarych
460 2556 613 2638 Stephani
653 2557 683 2618 in
709 2577 765 2618 sua
798 2571 828 2620 et
853 2557 1019 2619 Michaelis
1044 2556 1147 2618 fratris
1178 2557 1225 2618 sui
1252 2556 1386 2636 junioris
1411 2553 1527 2616 uterini

265 2675 294 2722 et
318 2663 452 2723 carnalis
488 2663 651 2743 quandam
678 2663 812 2726 domum
837 2683 949 2724 eorum
975 2683 1047 2726 curn
1080 2663 1182 2725 lundo
1208 2679 1238 2724 et
1262 2661 1418 2724 hedificiis
1443 2661 1524 2722 inter

265 2769 379 2830 domos
404 2767 575 2830 Cristolori
600 2769 692 2850 jurati
719 2784 749 2830 et
775 2769 927 2852 Symonis
960 2771 1027 2832 coci
1053 2771 1205 2848 habitam,
1239 2769 1378 2831 mediam
1404 2769 1525 2830 curiam

265 2875 296 2936 in
320 2896 352 2936 se
384 2877 616 2954 continentem,
647 2895 719 2938 cum
756 2877 821 2937 suis
854 2877 1044 2938 utilitatibus
1070 2891 1100 2938 et
1131 2875 1338 2958 pertinenciis
1372 2874 1529 2936 universis

265 2981 401 3044 Johanni
426 2984 538 3045 sartori
565 2982 632 3045 filio
658 2984 810 3066 Stephani
837 3005 895 3066 pro
913 2984 1106 3066 quibusdam
1132 2984 1257 3044 duabus
1280 2983 1383 3044 vineis
1406 2981 1470 3043 suis
1496 2981 1527 3041 in

265 3089 423 3151 territorio
448 3090 584 3151 civitatis
608 3090 736 3167 habitis,
761 3109 796 3151 ac
821 3109 878 3172 pro
908 3089 1129 3151 additamento
1163 3090 1258 3151 unius
1282 3088 1350 3151 flor.
1378 3107 1434 3170 per
1459 3106 1528 3148 mo-

265 3195 342 3256 dum
366 3197 616 3278 permutationis
651 3195 740 3256 dedit
764 3211 919 3278 perpetuo
952 3196 1181 3278 possidendam
1215 3211 1245 3258 et
1278 3193 1450 3277 superinde
1482 3206 1528 3254 est

265 3302 324 3363 sibi
357 3303 448 3364 litera
481 3305 540 3364 sub
573 3303 726 3384 pendenti
751 3303 859 3383 sigillo
884 3303 1123 3364 communitatis
1152 3317 1308 3364 emanata.

373 3425 448 3488 ltem
463 3427 653 3488 Valentinus
668 3428 807 3508 agricola
822 3427 925 3488 dictus
939 3427 1127 3510 Fermelych
1143 3427 1227 3490 filius
1240 3427 1377 3488 condam
1396 3425 1528 3506 Georgii

268 3529 325 3594 lilii
351 3533 495 3612 Fabiani,
520 3535 725 3596 medietatem
744 3535 911 3594 cuiusdam
933 3549 1015 3595 terre
1039 3535 1169 3595 arabilis
1194 3535 1224 3594 in
1244 3553 1358 3614 campo
1384 3547 1414 3594 et
1438 3534 1528 3594 terri-

267 3640 350 3700 torio
375 3640 510 3700 civitatis
535 3641 675 3722 predicte
702 3661 801 3721 prope
834 3641 943 3700 villam
972 3641 1131 3722 Pobresya
1156 3641 1285 3718 dictam,
1312 3641 1396 3717 juxta
1425 3659 1526 3720 quan·

266 3745 338 3805 dam
359 3747 504 3807 arborem
524 3747 611 3828 pomi
629 3747 781 3807 silvestris
800 3761 830 3807 et
848 3747 928 3808 inter
945 3761 1061 3808 terram
1088 3748 1261 3807 liberorum
1288 3745 1424 3806 condam
1444 3745 1527 3805 Petri

266 3851 322 3912 lilii
349 3852 491 3932 Dragecz
516 3867 547 3914 et
571 3853 745 3914 liberorum
780 3853 918 3914 condam
945 3853 1141 3932 Sigismundi
1176 3852 1279 3931 jurati,
1305 3867 1365 3912 tres
1389 3865 1528 3912 tautum·

266 3958 364 4019 modo
389 3959 490 4020 dietas
506 3971 588 4020 terre
613 3960 644 4019 in
670 3980 702 4020 se
728 3961 957 4034 continentem,
984 3957 1080 4020 Gallo
1107 3958 1295 4041 Fermelych
1321 3959 1405 4018 dicto
1439 3955 1525 4016 lratri

266 4085 324 4126 suo
349 4065 467 4126 seniori
500 4067 595 4126 aliam
622 4067 826 4126 medietatem
853 4065 996 4126 eiusdem
1015 4081 1096 4126 terre
1129 4065 1305 4146 possidenti
1339 4083 1396 4144 pro
1428 4063 1529 4123 tribus

267 4171 374 4252 pensis
397 4172 602 4232 denariorum
627 4173 774 4234 vendidit
798 4187 953 4254 perpetuo
980 4171 1206 4252 possidendam
1233 4185 1263 4232 et
1287 4169 1459 4252 superinde
1484 4183 1529 4230 est

267 4276 356 4338 litera
390 4279 448 4338 sub
473 4279 625 4359 pendenti
650 4279 758 4358 sigillo
776 4279 1016 4340 communitatis
1040 4277 1099 4338 sibi
1124 4293 1279 4338 emanata.

373 4401 451 4463 ltem
477 4403 616 4464 lacobus
650 4402 771 4464 Judeus
803 4401 886 4463 lilius
912 4403 1048 4463 condam
1082 4401 1199 4482 loseph
1232 4402 1310 4461 olim
1337 4399 1530 4461 inhabitator

267 4507 350 4569 dicte
375 4509 522 4586 civitatis,
548 4509 711 4589 quandam
737 4509 864 4568 vineam
895 4509 1026 4569 domine
1054 4489 1226 4568 Scolastice
1259 4507 1366 4566 relicte
1391 4505 1528 4565 condam

267 4614 395 4676 Andree
420 4614 496 4675 dicti
523 4615 589 4675 Lah
613 4613 668 4675 filii
689 4614 865 4692 Michaelis,
891 4615 921 4675 in
946 4615 1107 4674 territorio
1125 4613 1262 4674 civitatis
1290 4612 1430 4693 predicte
1448 4611 1530 4672 inter

267 4720 394 4781 vineam
419 4733 450 4781 et
481 4721 657 4802 virgultum
692 4719 870 4782 Clementis
904 4721 1062 4800 agricole,
1096 4742 1112 4780 a
1146 4733 1232 4800 parte
1264 4717 1529 4800 septemtrionali,

268 4825 429 4888 mediante
454 4827 594 4909 quadam
627 4827 676 4887 via
712 4841 775 4888 tam
810 4827 946 4888 curruali
980 4846 1077 4908 quam
1112 4826 1249 4907 pedestri
1282 4839 1312 4885 et
1335 4825 1406 4885 aliis
1438 4823 1530 4884 metis

267 4933 582 4994 circumvicinalibus
607 4933 710 5010 sitam,
736 4953 808 4994 cum
833 4934 985 4994 omnibus
1009 4933 1074 4993 suis
1099 4932 1289 4992 utilitatibus
1313 4945 1343 4992 et
1368 4929 1527 5011 pertinen·

267 5039 322 5100 ciis
347 5039 503 5100 universis
527 5040 656 5101 Thome
681 5039 766 5100 dicto
791 5039 948 5120 Walputh
974 5037 1040 5099 filio
1066 5037 1221 5098 iohannis
1244 5056 1363 5117 genero
1389 5035 1525 5096 condam
