3816 5802
377 581 435 644 132
921 567 1007 623 Anno
1030 575 1121 642 1452.

374 672 804 680 ---——-.—-—-----··--—--—
824 673 906 678 -—-
984 673 1339 678 -—-——-—----—--..-.-—-

371 777 525 858 quasdam
539 790 637 838 tetras
650 796 723 838 suas
735 775 871 837 arabiles
885 776 915 836 in
934 776 1048 837 eodem
1067 795 1180 858 campo
1191 791 1222 838 et
1238 777 1544 841 territoriocivitatis
1560 799 1631 861 pre·

371 881 433 944 fate
458 883 543 965 juxta
567 883 743 966 predictam
768 883 878 944 villam
905 883 1065 966 Pobresya
1089 883 1207 944 dictam
1234 884 1266 944 in
1291 884 1453 946 vicinitate
1475 899 1631 947 terrarum

371 990 546 1052 liberorum
571 1010 626 1050 seu
651 1009 869 1052 successorum
895 989 1033 1050 condam
1058 990 1213 1051 Johannis
1238 989 1397 1072 Graczyn,
1429 1004 1460 1052 et
1483 992 1632 1054 similiter

369 1099 545 1160 liberorum
559 1117 615 1159 seu
633 1115 852 1158 successorum
877 1097 1013 1157 condam
1033 1096 1150 1158 Donati
1173 1097 1344 1176 Demeczo,
1361 1097 1459 1179 vulgo
1477 1097 1629 1161 Zadwor·

370 1223 468 1289 nycze
484 1205 651 1281 dictarum,
670 1223 767 1286 penes
780 1203 864 1263 viam
878 1221 1083 1263 communem
1102 1203 1141 1263 ad
1156 1217 1284 1285 portum
1302 1203 1477 1266 liberorum
1491 1205 1629 1266 condam

371 1311 509 1372 Ladislai
527 1310 583 1372 filii
602 1309 757 1371 iohannis
774 1309 813 1370 de
832 1308 945 1391 Chehy
963 1309 1132 1370 ducentem
1152 1309 1286 1388 habitas,
1304 1309 1396 1371 certis
1419 1311 1518 1392 signis
1532 1325 1632 1373 meta·

369 1417 454 1478 libus
477 1418 690 1496 consignatas,
722 1435 758 1476 ac
790 1415 890 1476 eciam
919 1415 998 1476 alias
1030 1431 1128 1476 terras
1160 1436 1234 1477 suas
1265 1417 1402 1478 arabiles
1426 1418 1508 1479 inter
1531 1431 1630 1480 terras

368 1524 542 1584 liberorum
568 1542 625 1584 seu
648 1541 867 1583 successorum
893 1522 1029 1582 condam
1056 1522 1139 1583 Petri
1170 1523 1288 1584 nobilis
1320 1538 1351 1584 et
1374 1524 1536 1605 quendam
1562 1544 1629 1586 me-

368 1644 455 1691 atum
480 1650 563 1710 aque
588 1629 838 1710 Chogownycza
862 1627 1071 1709 appellatum,
1095 1649 1131 1689 ac
1160 1629 1239 1690 duas
1264 1630 1330 1690 vias
1354 1649 1542 1692 communes
1567 1632 1633 1692 exi-

367 1750 503 1812 stentes3
529 1756 588 1797 nec
612 1754 676 1796 non
702 1735 780 1795 alias
797 1733 945 1794 similiter
965 1747 1064 1795 terras
1080 1755 1153 1796 suas
1171 1735 1309 1797 arabiles
1334 1735 1452 1797 ibidem
1479 1737 1511 1798 in
1529 1756 1630 1819 oppo-

367 1846 428 1906 sito
452 1843 638 1904 earumdem
663 1857 818 1904 terrarum
843 1841 925 1902 ultra
950 1841 1035 1902 viam
1059 1861 1076 1902 a
1101 1855 1189 1924 parte
1225 1842 1373 1904 orientali
1398 1857 1429 1903 et
1452 1843 1629 1904 liberorum

368 1951 504 2012 condam
531 1949 651 2012 Vrbani
678 1948 828 2030 lansetyn
847 1961 877 2008 et
902 1946 981 2008 duas
1005 1947 1072 2008 vias
1088 1967 1278 2010 communes
1294 1949 1380 2020 sitas,
1404 1949 1445 2010 ad
1469 1949 1645 2031 predictae

366 2057 524 2118 sessiones
548 2069 578 2116 et
602 2055 642 2116 ad
667 2055 733 2136 ipsa
758 2053 868 2134 jugera
892 2073 946 2115 sex
964 2073 1090 2134 semper
1112 2067 1143 2116 et
1166 2057 1206 2115 ab
1224 2055 1358 2135 antiquo
1384 2054 1423 2115 de
1447 2053 1514 2135 jure
1533 2056 1630 2138 perti·

366 2177 489 2241 nentes,
513 2181 584 2223 cum
604 2161 756 2222 omnibus
780 2159 845 2220 suis
862 2159 1054 2222 utilitatibus
1070 2173 1101 2222 et
1118 2161 1324 2242 pertinenciis
1348 2161 1504 2222 universis
1521 2161 1630 2223 Marco

366 2268 434 2331 filio
459 2268 614 2331 Johannis
638 2267 677 2327 de
702 2265 822 2329 Chawa
857 2286 914 2349 pro
946 2267 1061 2347 viginti
1093 2281 1124 2328 et
1148 2287 1264 2329 novem
1298 2267 1368 2332 flor.
1392 2269 1460 2329 auri
1486 2268 1631 2330 vendidit

367 2391 522 2460 perpetuo
541 2374 750 2457 possidendas
774 2387 805 2435 et
820 2373 993 2454 superinde
1011 2373 1070 2456 ipsi
1089 2374 1199 2436 Marco
1216 2390 1262 2436 est
1286 2375 1375 2436 litera
1400 2377 1459 2437 sub
1476 2375 1630 2459 pendenti

365 2483 472 2564 sigillo
496 2480 736 2544 communitatis
760 2491 918 2542 emanata.

471 2589 550 2652 Item
574 2588 727 2651 Conrado
751 2587 849 2668 judici
882 2586 949 2648 filio
975 2588 1072 2649 Vlrici
1106 2608 1162 2671 per
1193 2589 1419 2650 vendicionem
1446 2587 1628 2649 medietatis

365 2698 491 2776 domus,
516 2695 607 2758 fundi
632 2710 662 2756 et
686 2695 792 2756 celarii
809 2695 1005 2756 subterranei
1031 2714 1067 2755 ac
1083 2692 1306 2756 hedificiorum
1332 2695 1363 2756 in
1389 2695 1473 2756 dicta
1498 2693 1627 2757 civitate

366 2805 447 2866 inter
471 2805 586 2866 domos
610 2817 641 2862 et
665 2801 782 2863 fundos
816 2802 992 2862 liberorum
1025 2801 1164 2862 condam
1198 2801 1328 2884 Mathye
1352 2801 1468 2862 sutoris
1491 2801 1574 2884 nigri
1598 2815 1630 2862 et

365 2911 521 2973 Anthonii
547 2909 699 2970 institoris
716 2907 773 2969 filii
799 2906 943 2988 Georgii,
967 2907 1192 2984 ameridione,
1221 2928 1257 2970 ac
1282 2908 1365 2969 lwan
1391 2907 1531 2988 agricole
1548 2907 1626 2969 dicti

365 3017 544 3100 Chaplych,
569 3036 586 3077 a
611 3015 839 3097 septemtrione
857 3013 964 3074 habite
989 3027 1020 3075 et
1036 3013 1209 3092 existentis,
1227 3033 1283 3096 per
1307 3014 1475 3076 dominum
1495 3013 1624 3074 Petrum

364 3124 625 3186 archidiaconum
644 3122 682 3182 de
694 3120 834 3182 Kemlult
852 3133 883 3181 et
900 3139 956 3202 per
981 3120 1143 3206 Mathyam
1168 3134 1308 3184 sutorem
1334 3121 1453 3182 dictum
1477 3120 1645 3204 Mysltyn,

363 3231 538 3312 qui-aliam
564 3228 768 3290 medietatem
794 3227 938 3288 eiusdem
963 3225 1078 3288 domus
1103 3228 1162 3310 ipsi
1187 3227 1340 3290 Conrado
1373 3227 1529 3306 vendidit,
1554 3227 1622 3310 ipsa

363 3350 428 3398 tota
455 3337 571 3396 domus
595 3333 701 3396 medie
726 3334 813 3395 curie
845 3353 917 3394 cum
951 3331 1053 3394 fundo
1085 3348 1116 3395 et
1140 3334 1257 3396 cel-ario
1289 3354 1325 3396 ac
1348 3332 1504 3396 hedificiis
1528 3333 1625 3415 privi-

363 3443 521 3524 legialiter
545 3442 604 3502 sub
629 3440 782 3522 pendenti
805 3440 913 3520 sigillo
939 3440 1179 3501 communitatis
1203 3455 1361 3504 emanata.
1386 3447 1462 3514 (sic).

469 3549 546 3611 ltem
572 3547 702 3608 domina
740 3546 913 3608 Scolastica
946 3547 1037 3608 aliter
1068 3548 1169 3608 Ztana
1200 3561 1313 3610 vocata
1344 3546 1454 3609 relicta
1485 3545 1622 3608 condam

362 3655 500 3720 Andree,
523 3653 602 3732 Lah,
634 3654 797 3734 quandam
831 3666 946 3714 terram
979 3673 1068 3714 suam
1102 3654 1256 3716 arabilem
1284 3655 1316 3716 in
1348 3673 1463 3737 campo
1487 3653 1624 3716 civitatis

362 3761 502 3844 predicte
528 3761 609 3822 inter
633 3774 732 3822 tetras
764 3759 822 3820 viri
856 3759 982 3841 providi
1008 3758 1142 3840 Georgii
1174 3757 1231 3822 filii
1258 3759 1342 3823 Petri
1367 3760 1407 3821 de
1432 3760 1622 3842 Petrowyna

362 3883 393 3930 et
416 3867 549 3930 ecclesie
574 3881 680 3928 nostre
704 3865 897 3948 parochialis
921 3865 1005 3928 beati
1030 3866 1129 3928 Marci
1150 3867 1355 3948 ewangeliste
1379 3885 1416 3928 ac
1439 3865 1521 3928 inter
1536 3865 1621 3927 viam

361 3994 566 4037 communem
591 3995 608 4034 a
633 3973 727 4055 plaga
749 3973 940 4035 occidentali
966 3972 1119 4052 habitam,
1143 3987 1175 4035 et
1199 3973 1281 4034 inter
1304 3987 1421 4034 terram
1445 3972 1622 4034 liberorum

359 4101 416 4147 seu
439 4099 661 4144 successorum
685 4078 822 4140 condam
848 4078 955 4141 Choni
980 4077 1095 4160 judicis
1119 4079 1272 4158 habitam,
1301 4079 1445 4161 quinque
1469 4079 1521 4140 vel
1545 4078 1621 4140 citra

360 4187 461 4250 dietas
484 4201 567 4248 terre
600 4187 631 4248 in
657 4205 689 4246 se
721 4186 953 4264 continentem,
988 4184 1132 4266 Georgio
1164 4186 1276 4248 sartori
1308 4184 1376 4247 filio
1401 4183 1530 4267 Mathye
1562 4203 1620 4268 pro

358 4294 498 4356 sedecim
524 4292 593 4354 flor.
610 4293 678 4353 auri
704 4291 851 4354 vendidit
874 4312 911 4352 ex
948 4311 1104 4354 consensu
1136 4291 1316 4354 vicinorum
1340 4303 1496 4374 perpetuo
1520 4289 1621 4373 possi-

359 4401 510 4466 dendam.

464 4507 541 4568 ltem
567 4506 692 4568 Blasius
710 4506 835 4568 institor
851 4504 936 4567 filius
953 4505 1084 4567 Thome
1100 4504 1334 4588 Wgrinowych
1358 4523 1457 4586 gener
1481 4504 1617 4568 condam

357 4612 512 4680 Johannis
536 4612 724 4695 Petowych‚
742 4612 907 4694 quoddam
926 4611 1024 4674 fenile
1040 4613 1217 4676 liberorum
1234 4631 1290 4674 seu
1306 4609 1462 4675 heredum
1480 4611 1617 4674 condam

357 4719 486 4786 Thome
510 4719 618 4782 Choni
643 4720 674 4780 in
700 4739 814 4801 campo
839 4733 870 4782 et
893 4719 1053 4780 territorio
1078 4719 1215 4782 civitatis
1238 4719 1320 4780 inter
1343 4732 1460 4782 terram
1484 4717 1617 4780 ecclesie

357 4841 463 4891 nostre
487 4826 680 4908 parochialis
704 4827 788 4888 beati
814 4826 912 4888 Marci
944 4825 1161 4908 ewangeliste,
1190 4846 1207 4888 a
1239 4839 1328 4908 parte
1351 4823 1617 4908 septemtrionali,

356 4954 392 4999 ac
414 4935 496 4998 inter
521 4933 618 4998 fenile
641 4935 803 4998 Valentini
828 4933 954 5012 judicis,
978 4953 1014 4995 ac
1038 4933 1120 4995 inter
1136 4930 1234 4996 fenile
1258 4931 1423 4996 colendini
1440 4929 1616 4996 confrater·

356 5041 463 5106 nitatis
493 5041 678 5109 carnificum
710 5041 750 5106 ab
783 5040 895 5106 eadem
927 5037 1180 5126 septemtrionali
1212 5053 1313 5126 parte,
1345 5059 1405 5106 uec
1435 5059 1500 5104 non
1534 5039 1616 5102 inter
