3832 5804
354 724 431 786 Item
457 723 604 807 Mathyas
628 723 766 786 carnifex
792 722 878 786 filius
903 725 1040 786 condam
1067 725 1244 790 Clementis
1269 727 1308 790 de
1333 729 1512 812 Jacovvlya-

249 829 353 910 zreda,
372 830 535 911 quandam
553 845 668 892 terram
687 851 777 892 suam
791 831 945 893 arabilem
965 832 996 892 in
1011 852 1127 914 campo
1144 833 1281 895 civitatis
1298 835 1380 897 inter
1396 847 1513 896 terram

248 949 387 998 nostram
413 955 621 998 communem
647 949 677 1016 et
702 937 784 998 inter
800 952 916 998 terram
943 938 1076 1000 ecclesie
1094 939 1287 1020 parochialis
1312 943 1403 1002 beate
1430 942 1512 1003 Mar-

245 1043 375 1124 garethe
399 1043 534 1124 virginis
550 1043 704 1122 habitam,
730 1044 875 1126 quinque
894 1058 927 1106 ut
944 1045 1062 1106 dicitur
1079 1045 1179 1106 dietas
1204 1060 1285 1109 terre
1305 1048 1335 1108 in
1361 1067 1393 1108 se
1411 1047 1512 1109 conti-

246 1161 388 1228 nentem,
413 1147 551 1212 Martino
575 1149 674 1230 judici
699 1149 767 1211 filio
791 1149 920 1212 Thome
945 1170 1003 1232 pro
1023 1151 1193 1214 medietate
1212 1154 1379 1215 cuiusdam
1398 1154 1514 1216 domus

245 1269 276 1317 et
299 1254 402 1334 fundi,
427 1276 490 1338 que
515 1256 653 1318 condam
679 1256 808 1319 Thome
834 1257 971 1340 Konych
1001 1257 1119 1340 prefuit
1153 1273 1184 1322 et
1208 1280 1266 1341 pro
1291 1261 1512 1323 additamento

244 1363 357 1445 viginti
382 1377 454 1426 octo
479 1363 548 1426 flor.
573 1365 641 1426 auri
667 1363 757 1426 dedit
780 1378 937 1447 perpetuo
966 1365 1194 1448 possidendam
1218 1380 1249 1429 et
1265 1367 1437 1449 superinde
1463 1381 1509 1430 est

243 1469 334 1531 litera
357 1472 416 1531 sub
440 1469 593 1552 pendenti
616 1470 724 1552 sigillo
749 1471 988 1534 communitatis
1012 1487 1168 1536 emanata.

350 1576 427 1638 Item
453 1578 564 1638 Petrus
587 1576 672 1639 lilius
704 1577 842 1638 condam
875 1577 1029 1640 Demetrii
1063 1579 1102 1640 de
1128 1579 1296 1641 Kralewcz
1341 1581 1372 1642 in
1397 1601 1454 1643 sua
1479 1595 1510 1643 et

245 1682 397 1764 Stephani
424 1702 460 1744 ac
484 1683 606 1745 Vrbani
631 1683 772 1745 filiorum
806 1685 950 1746 eiusdem
977 1684 1133 1746 Demetrii
1165 1687 1311 1768 personis
1348 1687 1511 1768 quandam

243 1789 377 1851 domum
403 1790 543 1872 ligneam
570 1803 601 1852 et
624 1787 760 1852 fundum
786 1810 822 1851 ac
845 1788 994 1852 hedificia
1019 1791 1102 1854 inter
1127 1791 1264 1852 domum
1290 1793 1430 1874 ligneam
1456 1794 1511 1856 he·

243 1897 355 1958 redum
389 1897 526 1958 condam
561 1895 694 1978 Georgii
729 1897 768 1958 de
801 1897 993 1978 Petrowyna
1024 1911 1055 1960 et
1089 1899 1170 1959 inter
1192 1899 1326 1960 domum
1352 1913 1509 1961 muratam

244 2003 373 2066 Martini
398 2003 513 2084 judicis
537 2003 691 2082 habitam,
711 2003 850 2066 mediam
870 2005 990 2066 curiam
1017 2005 1048 2066 in
1067 2025 1098 2066 se
1117 2006 1347 2085 continentem,
1365 2007 1510 2069 Fabiano

241 2111 341 2171 sutori
366 2108 434 2171 filio
460 2107 608 2191 Gregorii
635 2129 693 2192 pro
718 2109 830 2172 decem
859 2109 929 2173 flor.
955 2111 1022 2173 auri
1056 2111 1202 2173 vendidit
1226 2125 1382 2194 perpetuo
1407 2113 1509 2194 possi·

242 2215 380 2277 dendam
407 2229 438 2278 et
461 2216 635 2297 superinde
652 2232 699 2277 est
723 2217 783 2278 sibi
809 2216 925 2298 (litera)
943 2219 1002 2279 sub
1023 2217 1177 2300 pendenti
1203 2218 1310 2299 sigillo
1328 2219 1509 2280 communi·

243 2323 317 2384 tatis
341 2335 499 2385 emanata.

347 2427 425 2490 ltem
452 2429 630 2512 Elyzabeth
655 2429 740 2492 dicta
759 2428 882 2512 Glazya
906 2430 1016 2491 relicta
1036 2429 1175 2491 condam
1196 2429 1293 2491 Blasii
1318 2432 1435 2492 sutoris
1451 2430 1508 2493 filii

241 2535 413 2614 Francisci,
445 2537 587 2598 concivis
617 2551 744 2616 nostra,
776 2537 939 2618 quandam
973 2536 1107 2598 domurn
1138 2555 1226 2598 suam
1261 2536 1401 2618 ligneam
1435 2557 1507 2598 cum

241 2640 342 2704 fundo
367 2657 398 2704 et
429 2643 547 2705 celario
580 2645 788 2705 subterraneo
820 2663 856 2704 ac
890 2642 1049 2705 hedificiis
1085 2642 1117 2702 in
1150 2641 1234 2703 dicta
1267 2643 1396 2704 civitate
1427 2643 1509 2706 inter

241 2749 374 2811 domum
400 2749 555 2812 Demetrii
587 2750 717 2812 sartoris
751 2763 781 2811 et
812 2750 967 2811 lobannis
999 2747 1156 2810 carnificis
1187 2747 1341 2827 habitam,
1366 2750 1505 2812 mediam

240 2855 360 2917 curiam
386 2857 417 2917 in
443 2877 477 2918 se
501 2856 739 2936 continentem,
772 2856 901 2918 Thome
936 2855 1037 2916 sutori
1069 2853 1137 2916 filio
1161 2855 1258 2916 Blasii
1284 2856 1323 2916 de
1348 2856 1507 2918 Rakonok

240 2961 396 3023 moderno
421 2962 490 3024 viro
515 2981 585 3042 suo,
610 2975 645 3024 ut
668 2961 731 3044 jam
762 2981 847 3024 novo
881 2961 1005 3023 concivi
1040 2975 1161 3041 nostro,
1187 2961 1319 3023 donavit
1350 2976 1506 3044 perpetuo

247 3068 473 3150 possidendam
499 3083 529 3130 et
549 3069 722 3150 superinde
746 3069 805 3130 sibi
830 3082 876 3130 est
902 3068 992 3130 litera
1026 3069 1085 3129 sub
1110 3067 1262 3149 pendenti
1287 3068 1394 3150 sigillo
1419 3088 1505 3130 com·

240 3175 404 3236 munitatis
429 3189 586 3237 emanata.

345 3279 422 3344 Item
449 3282 550 3343 Elena
575 3282 683 3344 relicta
717 3283 853 3344 condam
880 3281 943 3343 Viti
976 3281 1032 3342 filii
1066 3282 1194 3364 pistoris
1225 3301 1344 3363 panum
1370 3283 1502 3344 nomine

239 3387 334 3466 Luce,
360 3407 444 3449 nunc
469 3408 600 3450 consors
614 3388 770 3470 legittima
788 3389 951 3450 Valentini
968 3388 1127 3449 tributarii
1144 3387 1201 3449 filii
1220 3387 1385 3465 lobannis,
1403 3407 1504 3469 quan-

241 3492 315 3554 dam
340 3494 466 3555 vineam
491 3514 581 3556 suam
607 3495 639 3556 in
663 3494 824 3556 territorio
850 3508 958 3555 nostro
976 3495 1007 3554 in
1035 3507 1144 3556 monte
1170 3493 1312 3554 Pavrlovv
1337 3493 1423 3554 v'erh
1448 3513 1503 3554 vo-

239 3615 310 3662 cato
335 3601 417 3663 inter
429 3601 542 3662 silvam
557 3602 687 3662 domine
707 3601 906 3682 Margarethe
921 3601 1029 3662 relicte
1043 3600 1179 3662 condam
1206 3601 1315 3661 Jacobi
1336 3600 1498 3682 Eberspelr

236 3727 272 3768 ac
296 3707 378 3768 inter
401 3707 528 3769 vineam
554 3709 682 3770 Martini
711 3707 826 3788 judicis
858 3707 1013 3788 habitam,
1045 3706 1168 3789 prelato
1201 3706 1372 3768 Valentino
1397 3707 1496 3767 tribu-

236 3813 316 3876 tario
340 3813 497 3876 moderno
522 3815 591 3875 viro
615 3834 673 3875 suo
691 3814 824 3875 donavit
848 3827 1004 3896 perpetuo
1021 3811 1247 3894 possidendam
1273 3825 1303 3873 et
1330 3812 1502 3894 superinde
1545 3795 1548 3800 ¹

236 3933 282 3980 est
305 3920 364 3981 sibi
389 3919 478 3982 litera
496 3923 555 3982 sub
577 3921 729 4002 pendenti
748 3921 856 3999 sigillo
881 3919 1121 3981 communitatis
1145 3931 1301 3982 emanata.

341 4025 419 4088 ltem
445 4031 552 4107 Agnes
577 4027 685 4088 relicta
717 4026 856 4087 condam
891 4025 1056 4087 Michaelis
1088 4025 1221 4102 sutoris,
1254 4044 1338 4085 nunc
1372 4044 1502 4086 consors

234 4131 391 4212 legittima
418 4132 508 4194 Pauli
527 4131 684 4194 carnificis
708 4131 764 4194 filii
784 4131 921 4193 condam
945 4132 1029 4193 Petri
1049 4131 1200 4211 agricole,
1226 4130 1367 4192 concivis
1383 4144 1500 4210 nostra,

235 4237 441 4300 medietatem
467 4238 635 4300 cuiusdam
660 4239 788 4316 domus,
813 4237 905 4298 fundi
931 4253 962 4299 et
994 4237 1101 4298 celarii
1126 4238 1325 4299 subterranei
1350 4256 1384 4298 ac
1411 4235 1500 4298 hedi·

234 4342 380 4406 fictorum
404 4345 435 4406 in
462 4346 546 4407 dicta
572 4346 698 4406 civitate
718 4347 799 4406 inter
817 4346 969 4408 maccella
988 4359 1094 4407 nostre
1112 4346 1351 4406 communitatis
1369 4359 1399 4406 et
1417 4345 1500 4406 inter

234 4450 367 4512 domum
393 4451 502 4514 relicte
528 4453 664 4513 condam
692 4452 801 4514 Jacobi
828 4452 990 4534 Eberspek
1013 4451 1120 4514 habite
1146 4466 1176 4512 et
1201 4452 1376 4530 existentis,
1402 4471 1499 4512 unam

233 4557 459 4618 tantummodo
485 4572 629 4639 quartam
657 4558 744 4619 curie
770 4558 799 4619 in
825 4578 858 4619 se
890 4558 1121 4636 continentem,
1155 4557 1278 4639 prefato
1306 4557 1405 4618 Paulo
1431 4557 1499 4618 viro

233 4681 292 4724 suo
317 4664 450 4726 donavit
473 4679 631 4747 perpetuo
656 4665 903 4746 possidendam;
928 4665 1026 4726 aliam
1052 4679 1158 4726 autem
1185 4663 1389 4725 medietatem
1416 4664 1498 4724 eius·

234 4769 307 4831 dem
333 4770 449 4832 domus
473 4784 504 4832 et
527 4770 618 4832 fundi
644 4791 679 4832 ac
705 4771 811 4833 celarii
846 4771 1045 4833 subterranei
1071 4791 1106 4831 ac
1140 4769 1374 4847 hedificiornm,
1399 4788 1496 4829 unam

233 4876 379 4938 similiter
403 4891 549 4958 quartam
576 4879 661 4938 curie
687 4878 719 4938 in
745 4897 777 4937 se
802 4878 1006 4955 retinentem,
1031 4877 1230 4956 Augustinus
1260 4877 1369 4936 Kusne
1392 4889 1422 4936 et
1446 4875 1497 4935 Jo-

234 4983 354 5045 hannes
377 4999 479 5046 sartor
504 4985 715 5046 commissarii
746 4985 926 5046 testamenti
959 4983 1095 5045 condam
1123 4983 1223 5044 Elene
1248 4982 1383 5065 pistricis
1407 4982 1498 5043 aliter
