3832 5804
420 583 484 644 224
950 565 1039 626 Anno
1061 568 1154 646 1463.

419 791 450 838 et
474 774 664 839 confessoris
688 777 878 859 aliquandiu
896 779 1064 860 preteritis,
1082 779 1114 840 in
1135 779 1210 839 sede
1227 793 1333 840 nostra
1352 777 1518 860 judiciaria
1535 779 1566 838 in
1583 797 1678 858 gene·

418 884 477 946 rali
501 897 532 945 et
556 884 721 945 communi
746 899 853 946 nostra
869 885 1127 965 congregacione
1151 884 1191 947 de
1212 905 1304 947 more
1320 885 1399 946 alias
1421 882 1489 946 fieri
1513 885 1605 945 solita
1621 903 1679 966 pro

419 989 568 1054 faciendo
600 991 805 1052 causantibus
836 991 1039 1053 moderativo
1073 990 1194 1072 judicio
1225 1011 1284 1072 pro
1322 991 1540 1072 tribunalique
1572 1009 1679 1051 conse·

419 1097 541 1176 dentes,
565 1115 740 1178 causasque
772 1111 961 1158 cunctorum
996 1116 1103 1158 coram
1139 1098 1234 1159 nobis
1265 1097 1466 1178 litigantium
1498 1096 1581 1178 justo
1604 1097 1679 1176 juris

417 1203 543 1264 tramite
568 1202 790 1280 discucientes,
814 1217 890 1264 tunc
914 1203 962 1263 vir
979 1204 1134 1285 providus
1157 1219 1189 1266 et
1205 1204 1359 1267 honestus
1384 1205 1564 1286 Stephanus
1589 1204 1677 1264 Hun-

417 1329 512 1392 gatus
536 1310 576 1370 de
601 1309 825 1392 Felselyndwa
850 1309 993 1370 sororius
1025 1311 1164 1372 condam
1197 1311 1322 1372 domini
1348 1311 1512 1373 Benedicti
1538 1309 1678 1392 episcopi

418 1415 645 1497 zagrabiensis,
669 1430 703 1476 ur
734 1429 822 1476 actor
853 1415 1049 1495 legittimus,
1074 1417 1286 1479 citationibus
1317 1417 1403 1498 juxta
1435 1417 1678 1479 consvetudina-

418 1523 496 1582 riam
521 1521 627 1602 legem
659 1521 796 1583 civitatis
827 1517 949 1604 prefate
980 1521 1020 1583 ab
1053 1523 1188 1604 antiquo
1219 1526 1428 1606 approbatam
1452 1524 1626 1606 prehabitis
1649 1537 1679 1584 et

418 1629 596 1710 completis,
621 1647 728 1689 coram
753 1628 874 1690 eisdem
899 1628 1005 1708 judice
1032 1643 1064 1691 et
1091 1630 1200 1710 juratis
1218 1632 1447 1713 comparendo,
1470 1647 1580 1694 contra
1605 1650 1677 1713 pto·

418 1735 528 1795 vidum
547 1749 578 1796 et
594 1734 860 1817 circumspectum
878 1737 981 1796 virum
1000 1735 1263 1798 Bartholomeum
1281 1736 1412 1820 Gaydar
1427 1738 1560 1817 dictum,
1577 1737 1677 1798 civem

418 1839 456 1901 de
483 1841 691 1923 Rakaspurga
727 1861 763 1902 ac
795 1841 962 1904 dominam
989 1843 1163 1904 Barbaram
1195 1858 1341 1904 vocatam
1375 1858 1556 1905 consortem
1581 1843 1679 1926 ipsius

420 1947 640 2011 bartholomei
666 1947 857 2028 legittimam
882 1948 1061 2030 privignam
1088 1969 1164 2011 vero
1184 1950 1328 2012 eiusdem
1355 1949 1508 2030 Stephani
1533 1949 1679 2030 Hungari

417 2067 448 2116 et
472 2051 570 2134 filiam
596 2053 714 2114 sororis
730 2051 844 2136 prefati
863 2055 999 2116 condam
1022 2056 1146 2116 domini
1165 2057 1329 2118 Benedicti
1347 2057 1488 2138 episcopi
1513 2056 1678 2118 concivem

417 2177 570 2239 nostram,
595 2162 626 2222 in
652 2180 778 2222 causam
805 2173 964 2240 attractos,
988 2177 1199 2243 proposuerat
1224 2182 1263 2223 eo
1288 2165 1404 2225 modo:
1430 2177 1464 2224 ut
1487 2163 1553 2244 ipse
1578 2177 1677 2224 certas

417 2251 571 2350 expensas
595 2255 691 2349 super
715 2267 815 2329 domo
848 2269 947 2350 ipsius
981 2253 1118 2329 Barbare
1150 2269 1306 2330 consortis
1337 2270 1437 2351 ipsius
1461 2267 1678 2330 Bartholomei

418 2373 537 2454 Gajdar'
561 2375 591 2434 in
617 2374 700 2434 dicta
726 2374 853 2436 civitate
871 2395 906 2435 ac
930 2373 1001 2436 aliis
1017 2375 1272 2457 possessionibus
1293 2375 1436 2438 eiusdem
1463 2377 1493 2438 in
1518 2375 1676 2436 territorio

420 2481 564 2542 eiusdem
590 2481 726 2542 civitatis
748 2481 876 2558 habitis,
897 2495 1042 2563 tempore
1079 2481 1229 2543 videlicet
1260 2481 1396 2544 condam
1430 2480 1553 2542 domini
1580 2480 1676 2542 Vlrici

416 2587 554 2664 comitia,
579 2601 810 2669 postmortem
836 2585 949 2668 prelati
973 2587 1110 2649 condam
1137 2588 1260 2649 domini
1293 2587 1456 2648 Benedicti
1481 2587 1623 2669 episcopi
1648 2601 1678 2647 et

415 2711 511 2774 super
535 2693 637 2775 ipsam
662 2693 827 2757 dominam
853 2693 1024 2756 Barbatum
1050 2709 1215 2776 tamquam
1247 2696 1444 2776 gubernator
1467 2692 1611 2755 eiusdem
1637 2692 1676 2754 ad

416 2817 587 2860 numerum
606 2813 734 2861 centum
753 2819 789 2862 ac
813 2819 866 2860 sex
891 2799 960 2864 flor.
978 2801 1045 2862 auri
1071 2821 1106 2862 ac
1131 2801 1267 2888 duarum
1285 2799 1446 2862 funtarum
1472 2801 1675 2862 denariorum

416 2905 649 2966 wiennensium
674 2925 706 2966 se
726 2905 943 2985 extendentes,
960 2905 1114 2968 laetarum
1140 2922 1171 2969 et
1189 2908 1417 2989 expositarum,
1435 2908 1494 2990 ipsi
1513 2907 1676 2990 Stephano

416 3010 574 3073 debitoris
599 3011 806 3093 obligaretur.
826 3047 865 3057 -
893 3012 968 3086 Quo
985 3013 1097 3075 audito
1114 3012 1256 3096 prelatus
1274 3013 1522 3076 Bartholomeus
1546 3013 1676 3076 nomine

416 3131 446 3178 et
470 3117 501 3179 in
526 3137 663 3199 persona
688 3116 808 3200 prelata
833 3118 964 3181 domine
991 3120 1129 3181 Barbare
1154 3121 1311 3182 consortis
1339 3141 1395 3182 sue
1421 3122 1466 3184 uti
1491 3122 1523 3182 in
1548 3140 1676 3183 causam

414 3237 545 3286 attracte
569 3224 690 3286 ibidem
716 3226 748 3286 in
773 3227 937 3307 presencia
956 3225 1069 3309 prelati
1095 3227 1252 3290 Johannis
1269 3243 1385 3291 eotunc
1401 3229 1516 3311 judicis
1539 3249 1575 3290 ac
1593 3229 1675 3310 iura·

415 3343 522 3392 torum
548 3343 579 3392 et
610 3331 747 3392 aliorum
780 3331 898 3393 civium
932 3333 1016 3395 dicte
1052 3335 1188 3398 civitatis
1220 3335 1427 3424 personaliter
1457 3335 1675 3418 comparando

415 3449 524 3498 contra
549 3436 687 3500 eundem
713 3437 910 3519 Stephanum
930 3439 1120 3520 Hungarum
1143 3455 1285 3503 actorem
1302 3441 1467 3524 respondit
1483 3463 1521 3503 ex
1541 3441 1676 3504 adverso

414 3543 470 3605 tali
489 3543 606 3604 modo:
631 3542 720 3625 quod
745 3563 784 3606 eo
807 3559 952 3626 tempore
977 3547 1107 3627 quando
1132 3547 1199 3628 ipsa
1224 3549 1355 3610 domina
1380 3548 1517 3610 Barbara
1543 3567 1673 3610 consors

415 3649 557 3711 eiusdem
577 3649 796 3711 Bartholomei
814 3650 898 3732 apud
917 3652 1056 3714 eundem
1075 3653 1273 3735 Stephanum
1293 3654 1483 3735 Hungarum
1509 3655 1676 3716 mansisset

414 3755 513 3818 nichil
536 3769 567 3818 et
591 3757 760 3838 quitquam
784 3777 879 3840 super
911 3758 1012 3840 ipsam
1043 3759 1177 3822 domum
1203 3761 1345 3822 eiusdem
1378 3761 1510 3824 domine
1534 3763 1673 3823 Barbare

414 3861 445 3923 in
471 3861 554 3922 dicta
579 3863 705 3924 civitate
730 3877 760 3924 et
783 3865 1040 3945 possessionibus
1065 3866 1097 3926 in
1118 3867 1278 3929 territorio
1298 3867 1441 3928 eiusdem
1466 3867 1603 3929 civitatis
1620 3867 1675 3930 ha·

414 3967 489 4032 bitis
513 3969 721 4050 exposuisset,
746 3983 776 4032 et
801 3971 876 4052 quia
900 3969 994 4052 jurati
1023 3987 1168 4054 tempore
1200 3973 1358 4054 judicatus
1382 3973 1494 4056 prelati
1520 3975 1676 4038 Johannis

417 4089 534 4137 eotunc
548 4073 662 4155 judicis
671 4075 848 4155 judicantes
865 4079 1133 4142 commiserantet
1145 4081 1350 4144 decreverant
1366 4081 1421 4143 tali
1435 4081 1544 4161 modo,
1558 4097 1593 4144 ut
1610 4083 1676 4164 ipse

415 4179 597 4262 Stephanus
621 4181 795 4262 Hungarus
820 4197 907 4245 actor
929 4203 1025 4266 super
1049 4185 1133 4246 dicta
1157 4205 1213 4248 sua
1238 4187 1368 4250 accione
1394 4201 1425 4248 et
1448 4189 1675 4270 proposicione

414 4287 573 4348 dictorum
599 4301 726 4348 centum
753 4309 806 4350 sex
840 4289 909 4353 flor.
942 4292 1009 4352 auri
1043 4307 1074 4353 et
1105 4292 1239 4354 duarum
1274 4293 1436 4356 luntarum
1469 4295 1675 4356 denariorum

413 4393 500 4455 aolus
525 4394 653 4475 propria
685 4414 741 4456 sua
770 4396 801 4457 in
834 4415 971 4478 persona
1004 4397 1081 4459 feria
1114 4400 1210 4460 tercia
1242 4415 1315 4483 post
1345 4400 1526 4484 predictum
1559 4399 1674 4464 festum

413 4500 497 4562 beati
516 4501 643 4564 Martini
669 4501 810 4583 episcopi
829 4517 946 4564 eotunc
964 4520 1133 4566 venturum
1151 4519 1181 4566 et
1199 4508 1348 4588 preterita
1365 4508 1397 4569 in
1415 4508 1548 4570 ecclesia
1567 4522 1673 4570 nostra

412 4606 589 4689 parochiali
614 4607 698 4668 beati
724 4608 821 4669 Marci
855 4611 1060 4690 ewangeliste
1093 4612 1123 4671 in
1157 4613 1241 4674 dicta
1273 4614 1399 4676 civitate
1424 4613 1556 4676 lundata
1580 4635 1679 4697 super,

412 4733 499 4774 aram
524 4726 630 4775 sancte
656 4712 770 4784 Crucis
793 4727 902 4788 contra
932 4717 1110 4797 predictum
1144 4718 1407 4782 Bartholomeum
1434 4735 1465 4782 et
1488 4734 1674 4784 annotatam

413 4819 578 4880 dominam
606 4819 777 4880 Barbaram
802 4835 984 4884 consortem
1009 4824 1152 4885 eiusdem
1181 4844 1276 4907 super
1308 4846 1346 4887 co
1370 4826 1475 4908 jurare
1500 4827 1673 4905 debuisset,

413 4939 447 4988 ut
470 4926 536 5008 ipse
562 4927 734 5008 premissos
757 4942 884 4989 centum
910 4947 963 4989 sex
988 4928 1056 4992 flor.
1081 4931 1149 4990 auri
1178 4943 1209 4993 et
1232 4901 1442 4994 duas'tuntas
1467 4932 1673 4994 denariorum

412 5052 507 5116 super
531 5033 648 5097 dictam
674 5033 806 5095 domum
833 5049 864 5096 et
887 5037 1104 5117 possessiones
1129 5037 1160 5098 in
1186 5037 1269 5110 dicta
1287 5039 1412 5101 civitate
1437 5053 1468 5101 et
1492 5041 1561 5102 eius
1583 5040 1672 5104 terri·
