3854 5798
947 520 1033 578 Auno
1056 514 1147 597 1463.

1414 627 1680 635 ——-——

416 743 504 811 patre
528 749 586 791 suo
611 731 728 792 carnali
755 745 827 812 post
849 733 976 793 obitum
1011 733 1110 813 ipsius
1141 733 1209 814 J'ute
1235 731 1429 794 hereditario
1462 731 1546 812 juxta
1580 734 1682 814 ipsius

415 837 551 900 civitatis
574 839 740 919 antiquam
773 839 1039 901 consuetudinem
1071 855 1102 901 et
1135 839 1369 921 privilegiatam
1404 839 1585 901 libertatem
1620 857 1680 903 etc.

415 960 631 1022 concerneret,
657 945 736 1027 Elye
761 943 860 1006 lusori
886 965 1116 1026 campanarum
1142 946 1267 1007 concivi
1285 959 1395 1007 nostro
1418 943 1486 1006 filio
1511 946 1679 1008 Benedicti

413 1069 532 1130 genero
555 1049 705 1112 videlicet
729 1071 788 1112 suo
812 1065 843 1113 et
867 1051 932 1113 suis
957 1051 1133 1114 heredibus
1157 1071 1216 1134 pro
1242 1053 1367 1112 duabus
1392 1053 1507 1113 marcis
1531 1053 1680 1115 denario·

414 1175 485 1216 rum
510 1156 733 1218 viennensium
758 1158 903 1219 vendidit
926 1173 985 1221 etc.
1011 1157 1077 1239 jure
1102 1173 1258 1240 perpetuo
1283 1173 1342 1220 etc.
1368 1159 1609 1241 possidendam.

521 1263 619 1336 Quod
644 1283 716 1325 cum
742 1265 800 1326 viri
818 1265 945 1347 providi
962 1279 993 1328 et
1009 1266 1135 1326 honesti
1156 1265 1363 1327 Sebastianus
1382 1265 1494 1326 Lubalt
1512 1271 1680 1346 cognomi·

414 1385 506 1431 natus
530 1369 614 1432 filius
638 1371 775 1433 condam
802 1372 956 1454 Stephani
983 1373 1109 1454 Maryas
1126 1373 1345 1454 cognominati
1371 1372 1479 1433 senior
1502 1371 1623 1452 juratus
1650 1389 1681 1434 ct

414 1477 556 1540 concivis
579 1493 697 1556 noster,
720 1499 756 1540 ac
789 1479 972 1541 Demetrius
1003 1494 1105 1541 sartor
1138 1479 1222 1541 filius
1253 1479 1389 1540 condam
1425 1480 1515 1540 Pauli
1539 1480 1681 1541 concivis

413 1583 562 1645 similiter
586 1597 694 1646 noster
717 1605 816 1665 gener
853 1605 929 1647 vero
962 1586 1099 1647 condam
1125 1585 1254 1647 Andree
1280 1585 1379 1646 ltalici
1405 1585 1484 1646 olim
1508 1586 1625 1666 judicis
1649 1601 1681 1648 et

413 1690 554 1750 concivis
579 1692 677 1752 nostri
702 1689 760 1752 filii
786 1691 952 1753 Michaelis
969 1708 1110 1753 nostram
1128 1695 1292 1754 venientes
1310 1692 1341 1752 in
1360 1692 1557 1774 presenciam
1576 1711 1679 1773 quan·

413 1797 486 1858 darn
512 1796 646 1858 domum
671 1813 840 1876 muratam,
870 1799 967 1859 simul
992 1817 1064 1859 cum
1092 1797 1199 1858 fundis
1233 1811 1263 1859 ct
1295 1795 1451 1858 hedificiis
1483 1811 1548 1858 tam
1574 1799 1675 1879 lignei

413 1923 509 1984 quam
535 1903 654 1984 lapidei
688 1904 795 1985 operis
830 1904 987 1965 universis
1023 1903 1134 1985 prelati
1169 1904 1308 1964 condam
1343 1903 1473 1965 Andree
1505 1903 1621 1982 iudicis
1645 1905 1678 1965 in

413 2010 497 2070 dicta
522 2009 649 2072 civitate
674 2011 756 2070 inter
781 2009 918 2072 lundum
947 2025 977 2071 et
1008 2011 1142 2072 domum
1178 2011 1325 2072 similiter
1358 2025 1514 2072 muratam
1549 2011 1678 2072 discreti

412 2117 470 2176 viri
496 2115 621 2177 domini
647 2117 771 2178 Nicolai
797 2117 963 2198 presbiteri
993 2117 1141 2178 moderni
1175 2118 1304 2199 plebani
1330 2117 1464 2178 ecclesie
1489 2132 1596 2179 nostre
1621 2138 1678 2199 pa-

412 2222 561 2284 rochialis
586 2223 669 2284 beati
696 2223 793 2284 Marci
819 2224 1037 2303 ewangeliste,
1062 2224 1203 2284 concivis
1236 2224 1347 2300 nostri,
1372 2225 1411 2284 ab
1437 2243 1500 2284 una
1525 2223 1679 2284 videlicet

410 2351 427 2391 a
452 2330 704 2411 septemtrionali
729 2345 828 2411 parte,
853 2351 889 2392 ac
915 2331 997 2392 inter
1015 2329 1151 2391 fundum
1169 2331 1345 2391 liberorum
1371 2351 1427 2392 seu
1452 2350 1674 2392 successorum

413 2437 542 2497 Andree
567 2437 684 2498 sutoris
707 2437 787 2496 olim
812 2436 960 2498 similiter
977 2437 1119 2498 concivis
1136 2437 1248 2514 nostri,
1272 2437 1312 2496 ab
1337 2436 1449 2498 eadem
1475 2437 1677 2518 septemtrio-

411 2543 474 2604 nali
501 2556 589 2624 parte
614 2558 644 2603 et
669 2543 750 2604 inter
774 2541 910 2604 fundum
935 2542 1069 2623 provide
1094 2543 1237 2603 mulieris
1263 2543 1401 2603 Barbara
1428 2557 1539 2603 vocate
1567 2542 1677 2604 relicte

411 2651 548 2709 condam
575 2649 665 2710 Pauli
697 2649 856 2708 sellatoris
890 2648 964 2710 dicti
1000 2647 1139 2730 Toltvay
1170 2649 1314 2709 concivis
1345 2647 1494 2709 similiter
1528 2649 1627 2709 nostri
1659 2669 1677 2710 a

410 2769 498 2837 parte
523 2755 671 2816 orientali
696 2755 837 2816 habitam
864 2770 896 2816 et
919 2755 1118 2834 existentem,
1152 2775 1246 2816 unam
1274 2755 1423 2817 videlicet
1448 2756 1604 2836 integram
1623 2776 1676 2817 cu-

410 2862 488 2922 riam
515 2875 546 2923 et
570 2881 666 2922 unam
692 2875 838 2922 octavam
857 2861 943 2922 curie
968 2861 1008 2922 ad
1026 2880 1119 2922 usum
1138 2862 1275 2924 civitatis
1292 2875 1457 2944 prenotate
1475 2863 1507 2922 in
1525 2881 1558 2922 se
1575 2863 1676 2923 conti·

410 2983 551 3046 nentem,
576 2987 648 3028 cum
674 2967 826 3028 omnibus
843 2968 909 3028 suis
927 2968 1120 3029 utilitatibus
1145 2968 1226 3050 Elyc
1244 2967 1343 3028 lusori
1362 2987 1590 3049 campanarum
1608 2967 1676 3030 lilio

411 3074 576 3136 Benedicti
601 3075 640 3135 dc
666 3075 788 3155 Posega
810 3073 1018 3135 inhabitatori
1048 3074 1131 3136 dicte
1164 3075 1300 3137 civitatis
1325 3094 1382 3156 pro
1408 3074 1519 3136 decem
1545 3089 1576 3136 et
1600 3091 1674 3137 octo

409 3179 478 3244 flor.
504 3181 572 3242 auri
597 3179 813 3242 vendiderunt
836 3194 894 3243 etc.
929 3193 1025 3261 prout
1057 3181 1156 3242 moris
1181 3195 1227 3242 est
1254 3194 1285 3242 et
1318 3181 1515 3242 consvctudo
1540 3183 1676 3262 requirit

410 3287 493 3348 dicte
524 3287 670 3349 civitatis.

514 3393 611 3466 Quod
638 3393 712 3474 quia
739 3393 857 3453 Paulus
881 3408 982 3455 sartor
999 3394 1140 3454 concivis
1164 3409 1272 3455 noster
1292 3394 1377 3455 filius
1395 3393 1515 3455 Mathie
1533 3393 1674 3476 Phylecz

409 3498 522 3577 dictus,
547 3499 709 3580 quandam
743 3501 871 3560 vineam
903 3519 993 3560 suam
1025 3499 1283 3560 condicionalem
1314 3501 1345 3560 in
1378 3500 1538 3562 territorio
1563 3515 1673 3561 nostro

408 3626 443 3666 ac
468 3606 549 3667 iuter
573 3607 701 3666 vineam
727 3605 874 3667 similiter
898 3607 1157 3668 condicionalem
1188 3606 1307 3668 Mathie
1331 3607 1450 3668 sutoris
1474 3607 1551 3668 dicti
1577 3607 1671 3668 Scro-

409 3711 547 3796 bothych
573 3711 714 3772 concivis
739 3713 848 3790 nostri,
874 3734 890 3772 a
914 3712 1168 3794 septemtrionali
1189 3728 1289 3794 parte,
1314 3728 1345 3774 et
1369 3713 1451 3773 inter
1475 3712 1559 3772 viam
1585 3731 1672 3773 com·

408 3837 539 3878 munem
564 3819 603 3878 ab
628 3818 751 3880 oriente
776 3838 811 3878 ac
836 3818 978 3880 rivulum
996 3839 1052 3880 seu
1070 3819 1238 3881 decursum
1257 3839 1339 3900 aque
1357 3819 1507 3901 pluvialis
1532 3820 1571 3880 ab
1589 3818 1672 3880 occi-

407 3924 521 4000 dente;
546 3945 605 3985 nec
629 3944 694 3985 non
719 3926 907 4006 porcionem
930 3926 1022 3986 vinee
1041 3926 1284 4006 condicionalis,
1309 3946 1326 3987 a
1350 3939 1438 4007 parte
1465 3925 1669 3987 meridionali

407 4031 534 4094 discreti
559 4032 617 4093 viri
643 4032 768 4093 domini
795 4033 914 4093 Mathie
946 4033 1076 4114 plebani
1109 4034 1207 4094 sancti
1242 4032 1397 4094 Anthonii
1422 4033 1462 4094 de
1486 4033 1558 4094 vico
1585 4034 1670 4094 lati-

407 4157 522 4198 norum
547 4136 605 4198 lilii
630 4139 768 4199 condam
793 4139 971 4200 Clementis
1002 4140 1142 4220 agricole
1172 4141 1251 4201 olim
1284 4141 1426 4202 concivis
1450 4141 1549 4202 nostri
1575 4140 1668 4200 sitam

407 4261 437 4309 et
461 4247 671 4327 adjacentem,
697 4248 802 4329 ipsum
821 4249 958 4308 Paulum
975 4261 1129 4308 sartorem
1152 4247 1328 4309 literatorie
1346 4261 1593 4308 concernentem
1612 4263 1670 4310 etc.

408 4354 556 4415 Emerico
582 4355 721 4434 agricole
747 4352 814 4414 filio
833 4355 969 4415 condam
993 4355 1147 4414 lobannis
1165 4354 1325 4438 Jurltoych
1351 4354 1437 4415 dicto
1463 4354 1669 4416 inhabitatori

406 4460 489 4520 dicte
515 4460 650 4521 civitatis
675 4481 732 4541 pro
758 4461 903 4542 quinque
935 4460 1003 4524 llor.
1038 4462 1106 4521 auri
1141 4461 1354 4534 vendidisset;
1387 4461 1463 4522 item
1489 4460 1576 4542 quod
1602 4461 1669 4542 ipse

407 4567 572 4628 Emeticus
597 4567 635 4627 de
660 4568 727 4648 ipsa
752 4568 845 4630 viuea
870 4583 900 4628 et
926 4568 1022 4628 ceteri
1055 4567 1103 4628 sui
1130 4585 1329 4628 successores
1362 4567 1508 4648 quinque
1533 4567 1669 4628 cubulos

406 4674 502 4734 musti
525 4693 581 4734 seu
606 4673 672 4735 vini
697 4675 773 4736 novi
799 4675 971 4735 colendino
989 4673 1258 4735 confraternitatis
1278 4673 1465 4735 Sclavorum
1491 4673 1574 4735 dicte
1594 4673 1669 4734 civi-

405 4782 477 4841 tatis
503 4781 532 4840 in
558 4781 686 4863 propria
711 4797 839 4843 vectura
865 4782 988 4842 decatro
1018 4780 1180 4841 colendini
1199 4781 1342 4840 eiusdem
1368 4781 1442 4841 darc
1467 4795 1498 4842 et
1520 4781 1667 4841 ammini-

406 4902 503 4950 strare
527 4890 723 4948 tenebuntur
748 4901 777 4948 et
802 4905 895 4950 erunt
919 4888 1065 4967 obligati.

512 4993 609 5068 Quod
634 4994 788 5056 discretus
806 4995 853 5056 vir
877 4995 1028 5056 dominus
1051 4992 1165 5055 Gallus
1190 4993 1362 5076 (sacerdos)
1380 4993 1463 5056 lilius
1487 4993 1601 5055 Briccii
1628 4994 1668 5055 de
