<?xml version="1.0" encoding="UTF-8"?>
<!DOCTYPE html PUBLIC "-//W3C//DTD XHTML 1.0 Transitional//EN"
    "http://www.w3.org/TR/xhtml1/DTD/xhtml1-transitional.dtd">
<html xmlns="http://www.w3.org/1999/xhtml" xml:lang="en" lang="en">
 <head>
  <title>
</title>
<meta http-equiv="Content-Type" content="text/html;charset=utf-8" />
  <meta name='ocr-system' content='tesseract 3.04.00' />
  <meta name='ocr-capabilities' content='ocr_page ocr_carea ocr_par ocr_line ocrx_word'/>
</head>
<body>
  <div class='ocr_page' id='page_1' title='image "./monumentahistor21laszgoog_0234.png"; bbox 0 0 3832 5804; ppageno 0'>
   <div class='ocr_carea' id='block_1_1' title="bbox 387 575 1654 5128">
    <p class='ocr_par' dir='ltr' id='par_1_1' title="bbox 387 575 1652 1619">
     <span class='ocr_line' id='line_1_1' title="bbox 394 575 1119 661; baseline -0.007 -20"><span class='ocrx_word' id='word_1_1' title='bbox 394 599 453 661; x_wconf 86' lang='lat'>190</span> <span class='ocrx_word' id='word_1_2' title='bbox 918 575 1119 653; x_wconf 77' lang='lat' dir='ltr'>Anno1459.</span> 
     </span>
     <span class='ocr_line' id='line_1_2' title="bbox 388 783 1652 872; baseline -0.007 -19"><span class='ocrx_word' id='word_1_3' title='bbox 388 791 516 853; x_wconf 90' lang='lat' dir='ltr'>Novam</span> <span class='ocrx_word' id='word_1_4' title='bbox 541 804 666 872; x_wconf 88' lang='lat' dir='ltr'>portam</span> <span class='ocrx_word' id='word_1_5' title='bbox 692 786 837 849; x_wconf 90' lang='lat' dir='ltr'>eiusdem</span> <span class='ocrx_word' id='word_1_6' title='bbox 855 786 991 848; x_wconf 90' lang='lat' dir='ltr'>civitatis</span> <span class='ocrx_word' id='word_1_7' title='bbox 1018 787 1100 848; x_wconf 92' lang='lat' dir='ltr'>inter</span> <span class='ocrx_word' id='word_1_8' title='bbox 1117 784 1272 870; x_wconf 83' lang='lat' dir='ltr'>(h)ortum</span> <span class='ocrx_word' id='word_1_9' title='bbox 1289 783 1445 845; x_wconf 87' lang='lat' dir='ltr'>Anthonii</span> <span class='ocrx_word' id='word_1_10' title='bbox 1470 783 1587 844; x_wconf 87' lang='lat' dir='ltr'>sutoris</span> <span class='ocrx_word' id='word_1_11' title='bbox 1604 803 1652 844; x_wconf 89' lang='lat' dir='ltr'>se·</span> 
     </span>
     <span class='ocr_line' id='line_1_3' title="bbox 390 887 1650 978; baseline -0.008 -19"><span class='ocrx_word' id='word_1_12' title='bbox 390 897 489 960; x_wconf 93' lang='lat' dir='ltr'>nioris</span> <span class='ocrx_word' id='word_1_13' title='bbox 513 895 607 978; x_wconf 90' lang='lat' dir='ltr'>jurati</span> <span class='ocrx_word' id='word_1_14' title='bbox 632 894 689 956; x_wconf 89' lang='lat' dir='ltr'>filii</span> <span class='ocrx_word' id='word_1_15' title='bbox 714 893 852 972; x_wconf 85' lang='lat' dir='ltr'>Nicolai,</span> <span class='ocrx_word' id='word_1_16' title='bbox 877 914 893 954; x_wconf 89' lang='lat' dir='ltr'>a</span> <span class='ocrx_word' id='word_1_17' title='bbox 919 893 1150 976; x_wconf 86' lang='lat' dir='ltr'>septemtrione</span> <span class='ocrx_word' id='word_1_18' title='bbox 1182 892 1342 954; x_wconf 81' lang='lat' dir='ltr'>mediante</span> <span class='ocrx_word' id='word_1_19' title='bbox 1363 889 1506 972; x_wconf 88' lang='lat' dir='ltr'>quodam</span> <span class='ocrx_word' id='word_1_20' title='bbox 1530 887 1650 950; x_wconf 84' lang='lat' dir='ltr'>fossato</span> 
     </span>
     <span class='ocr_line' id='line_1_4' title="bbox 388 996 1652 1090; baseline -0.009 -24"><span class='ocrx_word' id='word_1_21' title='bbox 388 1024 488 1090; x_wconf 92' lang='lat' dir='ltr'>parvo</span> <span class='ocrx_word' id='word_1_22' title='bbox 512 1023 568 1066; x_wconf 89' lang='lat' dir='ltr'>seu</span> <span class='ocrx_word' id='word_1_23' title='bbox 594 1017 701 1064; x_wconf 88' lang='lat' dir='ltr'>meatu</span> <span class='ocrx_word' id='word_1_24' title='bbox 718 1021 813 1082; x_wconf 89' lang='lat' dir='ltr'>aque,</span> <span class='ocrx_word' id='word_1_25' title='bbox 829 1015 859 1062; x_wconf 90' lang='lat' dir='ltr'>et</span> <span class='ocrx_word' id='word_1_26' title='bbox 885 1000 965 1061; x_wconf 90' lang='lat' dir='ltr'>inter</span> <span class='ocrx_word' id='word_1_27' title='bbox 983 997 1136 1063; x_wconf 82' lang='lat' dir='ltr'>fossatum</span> <span class='ocrx_word' id='word_1_28' title='bbox 1155 1012 1260 1060; x_wconf 89' lang='lat' dir='ltr'>nostre</span> <span class='ocrx_word' id='word_1_29' title='bbox 1279 996 1519 1060; x_wconf 82' lang='lat' dir='ltr'>communitatis</span> <span class='ocrx_word' id='word_1_30' title='bbox 1542 1016 1560 1056; x_wconf 91' lang='lat' dir='ltr'>a</span> <span class='ocrx_word' id='word_1_31' title='bbox 1587 1015 1652 1056; x_wconf 93' lang='lat' dir='ltr'>me·</span> 
     </span>
     <span class='ocr_line' id='line_1_5' title="bbox 389 1102 1652 1185; baseline -0.01 -11"><span class='ocrx_word' id='word_1_32' title='bbox 389 1111 517 1174; x_wconf 91' lang='lat' dir='ltr'>ridione</span> <span class='ocrx_word' id='word_1_33' title='bbox 541 1111 591 1173; x_wconf 91' lang='lat' dir='ltr'>siti</span> <span class='ocrx_word' id='word_1_34' title='bbox 618 1123 648 1170; x_wconf 90' lang='lat' dir='ltr'>et</span> <span class='ocrx_word' id='word_1_35' title='bbox 682 1107 855 1185; x_wconf 88' lang='lat' dir='ltr'>existentis,</span> <span class='ocrx_word' id='word_1_36' title='bbox 888 1126 986 1168; x_wconf 89' lang='lat' dir='ltr'>unam</span> <span class='ocrx_word' id='word_1_37' title='bbox 1019 1105 1171 1168; x_wconf 89' lang='lat' dir='ltr'>videlicet</span> <span class='ocrx_word' id='word_1_38' title='bbox 1202 1119 1346 1166; x_wconf 88' lang='lat' dir='ltr'>octavam</span> <span class='ocrx_word' id='word_1_39' title='bbox 1379 1103 1465 1166; x_wconf 90' lang='lat' dir='ltr'>curie</span> <span class='ocrx_word' id='word_1_40' title='bbox 1493 1102 1534 1164; x_wconf 90' lang='lat' dir='ltr'>ad</span> <span class='ocrx_word' id='word_1_41' title='bbox 1559 1121 1652 1163; x_wconf 91' lang='lat' dir='ltr'>usum</span> 
     </span>
     <span class='ocr_line' id='line_1_6' title="bbox 389 1210 1651 1292; baseline -0.008 -12"><span class='ocrx_word' id='word_1_42' title='bbox 389 1217 473 1280; x_wconf 92' lang='lat' dir='ltr'>dicte</span> <span class='ocrx_word' id='word_1_43' title='bbox 498 1217 635 1279; x_wconf 89' lang='lat' dir='ltr'>civitatis</span> <span class='ocrx_word' id='word_1_44' title='bbox 660 1215 690 1276; x_wconf 95' lang='lat' dir='ltr'>in</span> <span class='ocrx_word' id='word_1_45' title='bbox 716 1235 748 1276; x_wconf 89' lang='lat' dir='ltr'>se</span> <span class='ocrx_word' id='word_1_46' title='bbox 774 1213 967 1275; x_wconf 89' lang='lat' dir='ltr'>continentis</span> <span class='ocrx_word' id='word_1_47' title='bbox 999 1212 1151 1292; x_wconf 89' lang='lat' dir='ltr'>magistro</span> <span class='ocrx_word' id='word_1_48' title='bbox 1177 1210 1340 1292; x_wconf 88' lang='lat' dir='ltr'>Stephano</span> <span class='ocrx_word' id='word_1_49' title='bbox 1373 1227 1537 1272; x_wconf 89' lang='lat' dir='ltr'>armorum</span> <span class='ocrx_word' id='word_1_50' title='bbox 1562 1229 1651 1290; x_wconf 91' lang='lat' dir='ltr'>para·</span> 
     </span>
     <span class='ocr_line' id='line_1_7' title="bbox 387 1316 1651 1405; baseline -0.006 -19"><span class='ocrx_word' id='word_1_51' title='bbox 387 1325 451 1387; x_wconf 92' lang='lat' dir='ltr'>tori</span> <span class='ocrx_word' id='word_1_52' title='bbox 474 1323 572 1405; x_wconf 91' lang='lat' dir='ltr'>vulgo</span> <span class='ocrx_word' id='word_1_53' title='bbox 598 1321 752 1384; x_wconf 89' lang='lat' dir='ltr'>Plathnar</span> <span class='ocrx_word' id='word_1_54' title='bbox 779 1319 866 1382; x_wconf 94' lang='lat' dir='ltr'>dicto</span> <span class='ocrx_word' id='word_1_55' title='bbox 899 1317 1022 1401; x_wconf 88' lang='lat' dir='ltr'>prefato</span> <span class='ocrx_word' id='word_1_56' title='bbox 1055 1338 1090 1379; x_wconf 93' lang='lat' dir='ltr'>ac</span> <span class='ocrx_word' id='word_1_57' title='bbox 1115 1338 1170 1400; x_wconf 88' lang='lat' dir='ltr'>per</span> <span class='ocrx_word' id='word_1_58' title='bbox 1201 1337 1275 1378; x_wconf 93' lang='lat' dir='ltr'>eum</span> <span class='ocrx_word' id='word_1_59' title='bbox 1301 1317 1365 1378; x_wconf 90' lang='lat' dir='ltr'>suis</span> <span class='ocrx_word' id='word_1_60' title='bbox 1396 1316 1569 1379; x_wconf 84' lang='lat' dir='ltr'>heredibus</span> <span class='ocrx_word' id='word_1_61' title='bbox 1593 1337 1651 1399; x_wconf 91' lang='lat' dir='ltr'>pro</span> 
     </span>
     <span class='ocr_line' id='line_1_8' title="bbox 389 1421 1651 1512; baseline -0.005 -20"><span class='ocrx_word' id='word_1_62' title='bbox 389 1431 534 1512; x_wconf 90' lang='lat' dir='ltr'>quinque</span> <span class='ocrx_word' id='word_1_63' title='bbox 558 1428 629 1490; x_wconf 88' lang='lat' dir='ltr'>flor.</span> <span class='ocrx_word' id='word_1_64' title='bbox 654 1427 723 1488; x_wconf 89' lang='lat' dir='ltr'>auri</span> <span class='ocrx_word' id='word_1_65' title='bbox 748 1425 893 1487; x_wconf 89' lang='lat' dir='ltr'>vendidit</span> <span class='ocrx_word' id='word_1_66' title='bbox 910 1437 1066 1507; x_wconf 88' lang='lat' dir='ltr'>perpetuo</span> <span class='ocrx_word' id='word_1_67' title='bbox 1091 1421 1317 1506; x_wconf 85' lang='lat' dir='ltr'>possidendam</span> <span class='ocrx_word' id='word_1_68' title='bbox 1347 1438 1379 1485; x_wconf 90' lang='lat' dir='ltr'>et</span> <span class='ocrx_word' id='word_1_69' title='bbox 1402 1421 1575 1506; x_wconf 86' lang='lat' dir='ltr'>superinde</span> <span class='ocrx_word' id='word_1_70' title='bbox 1591 1425 1651 1486; x_wconf 90' lang='lat' dir='ltr'>sub</span> 
     </span>
     <span class='ocr_line' id='line_1_9' title="bbox 390 1530 1521 1619; baseline -0.003 -23"><span class='ocrx_word' id='word_1_71' title='bbox 390 1535 541 1619; x_wconf 90' lang='lat' dir='ltr'>pendenti</span> <span class='ocrx_word' id='word_1_72' title='bbox 566 1533 672 1614; x_wconf 89' lang='lat' dir='ltr'>sigillo</span> <span class='ocrx_word' id='word_1_73' title='bbox 697 1533 788 1594; x_wconf 87' lang='lat' dir='ltr'>litera</span> <span class='ocrx_word' id='word_1_74' title='bbox 813 1545 918 1592; x_wconf 86' lang='lat' dir='ltr'>nostre</span> <span class='ocrx_word' id='word_1_75' title='bbox 943 1530 1184 1593; x_wconf 85' lang='lat' dir='ltr'>communitatis</span> <span class='ocrx_word' id='word_1_76' title='bbox 1208 1543 1255 1591; x_wconf 91' lang='lat' dir='ltr'>est</span> <span class='ocrx_word' id='word_1_77' title='bbox 1278 1531 1338 1590; x_wconf 88' lang='lat' dir='ltr'>sibi</span> <span class='ocrx_word' id='word_1_78' title='bbox 1364 1544 1521 1594; x_wconf 82' lang='lat' dir='ltr'>emanata.</span> 
     </span>
    </p>

    <p class='ocr_par' dir='ltr' id='par_1_2' title="bbox 389 1633 1652 2998">
     <span class='ocr_line' id='line_1_10' title="bbox 496 1633 1651 1719; baseline -0.003 -17"><span class='ocrx_word' id='word_1_79' title='bbox 496 1640 573 1702; x_wconf 90' lang='lat' dir='ltr'>ltem</span> <span class='ocrx_word' id='word_1_80' title='bbox 599 1640 710 1700; x_wconf 88' lang='lat' dir='ltr'>Petrus</span> <span class='ocrx_word' id='word_1_81' title='bbox 734 1652 822 1698; x_wconf 91' lang='lat' dir='ltr'>sutor</span> <span class='ocrx_word' id='word_1_82' title='bbox 854 1635 939 1698; x_wconf 85' lang='lat' dir='ltr'>lilius</span> <span class='ocrx_word' id='word_1_83' title='bbox 964 1635 1129 1718; x_wconf 83' lang='lat' dir='ltr'>Stephani,</span> <span class='ocrx_word' id='word_1_84' title='bbox 1163 1633 1324 1716; x_wconf 88' lang='lat' dir='ltr'>quandam</span> <span class='ocrx_word' id='word_1_85' title='bbox 1358 1650 1502 1716; x_wconf 87' lang='lat' dir='ltr'>quartam</span> <span class='ocrx_word' id='word_1_86' title='bbox 1528 1651 1651 1719; x_wconf 90' lang='lat' dir='ltr'>partem</span> 
     </span>
     <span class='ocr_line' id='line_1_11' title="bbox 390 1739 1651 1810; baseline -0.003 0"><span class='ocrx_word' id='word_1_87' title='bbox 390 1747 556 1810; x_wconf 89' lang='lat' dir='ltr'>cuiusdam</span> <span class='ocrx_word' id='word_1_88' title='bbox 582 1745 699 1806; x_wconf 91' lang='lat' dir='ltr'>domus</span> <span class='ocrx_word' id='word_1_89' title='bbox 722 1757 846 1805; x_wconf 89' lang='lat' dir='ltr'>mutate</span> <span class='ocrx_word' id='word_1_90' title='bbox 871 1755 901 1804; x_wconf 91' lang='lat' dir='ltr'>et</span> <span class='ocrx_word' id='word_1_91' title='bbox 934 1741 1025 1804; x_wconf 83' lang='lat' dir='ltr'>fundi</span> <span class='ocrx_word' id='word_1_92' title='bbox 1059 1761 1095 1802; x_wconf 93' lang='lat' dir='ltr'>ac</span> <span class='ocrx_word' id='word_1_93' title='bbox 1127 1739 1327 1803; x_wconf 87' lang='lat' dir='ltr'>edificiorum</span> <span class='ocrx_word' id='word_1_94' title='bbox 1359 1742 1390 1802; x_wconf 94' lang='lat' dir='ltr'>in</span> <span class='ocrx_word' id='word_1_95' title='bbox 1416 1743 1499 1804; x_wconf 90' lang='lat' dir='ltr'>dicta</span> <span class='ocrx_word' id='word_1_96' title='bbox 1525 1743 1651 1807; x_wconf 87' lang='lat' dir='ltr'>civitate</span> 
     </span>
     <span class='ocr_line' id='line_1_12' title="bbox 390 1846 1651 1933; baseline -0.003 -17"><span class='ocrx_word' id='word_1_97' title='bbox 390 1855 472 1916; x_wconf 90' lang='lat' dir='ltr'>inter</span> <span class='ocrx_word' id='word_1_98' title='bbox 496 1853 630 1914; x_wconf 91' lang='lat' dir='ltr'>domum</span> <span class='ocrx_word' id='word_1_99' title='bbox 655 1851 803 1912; x_wconf 93' lang='lat' dir='ltr'>similiter</span> <span class='ocrx_word' id='word_1_100' title='bbox 828 1863 987 1910; x_wconf 88' lang='lat' dir='ltr'>muratam</span> <span class='ocrx_word' id='word_1_101' title='bbox 1012 1863 1042 1909; x_wconf 90' lang='lat' dir='ltr'>et</span> <span class='ocrx_word' id='word_1_102' title='bbox 1066 1846 1202 1909; x_wconf 87' lang='lat' dir='ltr'>fundum</span> <span class='ocrx_word' id='word_1_103' title='bbox 1220 1868 1256 1909; x_wconf 93' lang='lat' dir='ltr'>ac</span> <span class='ocrx_word' id='word_1_104' title='bbox 1280 1847 1404 1910; x_wconf 92' lang='lat' dir='ltr'>edificia</span> <span class='ocrx_word' id='word_1_105' title='bbox 1430 1849 1550 1912; x_wconf 89' lang='lat' dir='ltr'>Mathie</span> <span class='ocrx_word' id='word_1_106' title='bbox 1575 1871 1651 1933; x_wconf 92' lang='lat' dir='ltr'>pan-</span> 
     </span>
     <span class='ocr_line' id='line_1_13' title="bbox 389 1954 1652 2036; baseline -0.002 -14"><span class='ocrx_word' id='word_1_107' title='bbox 389 1960 500 2022; x_wconf 88' lang='lat' dir='ltr'>cerarii</span> <span class='ocrx_word' id='word_1_108' title='bbox 526 1958 667 2022; x_wconf 89' lang='lat' dir='ltr'>concivis</span> <span class='ocrx_word' id='word_1_109' title='bbox 691 1957 803 2036; x_wconf 82' lang='lat' dir='ltr'>nostri,</span> <span class='ocrx_word' id='word_1_110' title='bbox 827 1975 844 2017; x_wconf 92' lang='lat' dir='ltr'>a</span> <span class='ocrx_word' id='word_1_111' title='bbox 863 1954 1040 2016; x_wconf 90' lang='lat' dir='ltr'>meridione</span> <span class='ocrx_word' id='word_1_112' title='bbox 1065 1969 1097 2018; x_wconf 91' lang='lat' dir='ltr'>et</span> <span class='ocrx_word' id='word_1_113' title='bbox 1119 1956 1200 2017; x_wconf 90' lang='lat' dir='ltr'>inter</span> <span class='ocrx_word' id='word_1_114' title='bbox 1216 1956 1300 2017; x_wconf 90' lang='lat' dir='ltr'>viam</span> <span class='ocrx_word' id='word_1_115' title='bbox 1319 1975 1375 2017; x_wconf 90' lang='lat' dir='ltr'>seu</span> <span class='ocrx_word' id='word_1_116' title='bbox 1399 1957 1545 2018; x_wconf 89' lang='lat' dir='ltr'>semitam</span> <span class='ocrx_word' id='word_1_117' title='bbox 1564 1978 1652 2020; x_wconf 93' lang='lat' dir='ltr'>com-</span> 
     </span>
     <span class='ocr_line' id='line_1_14' title="bbox 390 2061 1650 2146; baseline -0.002 -18"><span class='ocrx_word' id='word_1_118' title='bbox 390 2085 522 2128; x_wconf 90' lang='lat' dir='ltr'>munem</span> <span class='ocrx_word' id='word_1_119' title='bbox 547 2085 564 2126; x_wconf 89' lang='lat' dir='ltr'>a</span> <span class='ocrx_word' id='word_1_120' title='bbox 589 2064 817 2146; x_wconf 88' lang='lat' dir='ltr'>septemtrione</span> <span class='ocrx_word' id='word_1_121' title='bbox 834 2062 940 2124; x_wconf 88' lang='lat' dir='ltr'>habite</span> <span class='ocrx_word' id='word_1_122' title='bbox 966 2076 996 2123; x_wconf 91' lang='lat' dir='ltr'>et</span> <span class='ocrx_word' id='word_1_123' title='bbox 1013 2061 1186 2138; x_wconf 89' lang='lat' dir='ltr'>existentis,</span> <span class='ocrx_word' id='word_1_124' title='bbox 1211 2083 1228 2123; x_wconf 90' lang='lat' dir='ltr'>a</span> <span class='ocrx_word' id='word_1_125' title='bbox 1253 2063 1357 2144; x_wconf 85' lang='lat' dir='ltr'>platea</span> <span class='ocrx_word' id='word_1_126' title='bbox 1374 2083 1430 2124; x_wconf 88' lang='lat' dir='ltr'>seu</span> <span class='ocrx_word' id='word_1_127' title='bbox 1454 2083 1471 2124; x_wconf 89' lang='lat' dir='ltr'>a</span> <span class='ocrx_word' id='word_1_128' title='bbox 1495 2063 1546 2125; x_wconf 91' lang='lat' dir='ltr'>via</span> <span class='ocrx_word' id='word_1_129' title='bbox 1565 2084 1650 2126; x_wconf 87' lang='lat' dir='ltr'>com·</span> 
     </span>
     <span class='ocr_line' id='line_1_15' title="bbox 391 2168 1652 2252; baseline 0 -18"><span class='ocrx_word' id='word_1_130' title='bbox 391 2173 481 2234; x_wconf 93' lang='lat' dir='ltr'>muni</span> <span class='ocrx_word' id='word_1_131' title='bbox 506 2193 569 2234; x_wconf 89' lang='lat' dir='ltr'>una</span> <span class='ocrx_word' id='word_1_132' title='bbox 595 2185 626 2234; x_wconf 93' lang='lat' dir='ltr'>et</span> <span class='ocrx_word' id='word_1_133' title='bbox 650 2191 767 2252; x_wconf 90' lang='lat' dir='ltr'>magna</span> <span class='ocrx_word' id='word_1_134' title='bbox 791 2171 831 2231; x_wconf 93' lang='lat' dir='ltr'>ab</span> <span class='ocrx_word' id='word_1_135' title='bbox 856 2169 979 2231; x_wconf 91' lang='lat' dir='ltr'>oriente</span> <span class='ocrx_word' id='word_1_136' title='bbox 997 2168 1103 2230; x_wconf 89' lang='lat' dir='ltr'>habita</span> <span class='ocrx_word' id='word_1_137' title='bbox 1129 2183 1160 2230; x_wconf 89' lang='lat' dir='ltr'>et</span> <span class='ocrx_word' id='word_1_138' title='bbox 1178 2189 1279 2249; x_wconf 90' lang='lat' dir='ltr'>usque</span> <span class='ocrx_word' id='word_1_139' title='bbox 1302 2169 1342 2230; x_wconf 91' lang='lat' dir='ltr'>ad</span> <span class='ocrx_word' id='word_1_140' title='bbox 1366 2171 1463 2231; x_wconf 89' lang='lat' dir='ltr'>aliam</span> <span class='ocrx_word' id='word_1_141' title='bbox 1487 2171 1570 2232; x_wconf 89' lang='lat' dir='ltr'>viam</span> <span class='ocrx_word' id='word_1_142' title='bbox 1596 2191 1652 2234; x_wconf 91' lang='lat' dir='ltr'>seu</span> 
     </span>
     <span class='ocr_line' id='line_1_16' title="bbox 390 2276 1650 2361; baseline 0 -21"><span class='ocrx_word' id='word_1_143' title='bbox 390 2279 530 2361; x_wconf 88' lang='lat' dir='ltr'>plateam</span> <span class='ocrx_word' id='word_1_144' title='bbox 562 2297 769 2340; x_wconf 90' lang='lat' dir='ltr'>communem</span> <span class='ocrx_word' id='word_1_145' title='bbox 801 2276 949 2338; x_wconf 90' lang='lat' dir='ltr'>similiter</span> <span class='ocrx_word' id='word_1_146' title='bbox 981 2295 1130 2355; x_wconf 83' lang='lat' dir='ltr'>magnam</span> <span class='ocrx_word' id='word_1_147' title='bbox 1156 2277 1195 2336; x_wconf 92' lang='lat' dir='ltr'>ab</span> <span class='ocrx_word' id='word_1_148' title='bbox 1228 2277 1394 2338; x_wconf 89' lang='lat' dir='ltr'>occidente</span> <span class='ocrx_word' id='word_1_149' title='bbox 1425 2277 1529 2357; x_wconf 87' lang='lat' dir='ltr'>sitam,</span> <span class='ocrx_word' id='word_1_150' title='bbox 1554 2298 1650 2340; x_wconf 89' lang='lat' dir='ltr'>unam</span> 
     </span>
     <span class='ocr_line' id='line_1_17' title="bbox 390 2382 1651 2466; baseline 0.002 -22"><span class='ocrx_word' id='word_1_151' title='bbox 390 2386 542 2448; x_wconf 91' lang='lat' dir='ltr'>videlicet</span> <span class='ocrx_word' id='word_1_152' title='bbox 566 2399 713 2466; x_wconf 90' lang='lat' dir='ltr'>quartam</span> <span class='ocrx_word' id='word_1_153' title='bbox 737 2383 824 2445; x_wconf 90' lang='lat' dir='ltr'>curie</span> <span class='ocrx_word' id='word_1_154' title='bbox 848 2383 887 2443; x_wconf 93' lang='lat' dir='ltr'>ad</span> <span class='ocrx_word' id='word_1_155' title='bbox 914 2401 1006 2443; x_wconf 92' lang='lat' dir='ltr'>usum</span> <span class='ocrx_word' id='word_1_156' title='bbox 1031 2383 1116 2444; x_wconf 91' lang='lat' dir='ltr'>dicte</span> <span class='ocrx_word' id='word_1_157' title='bbox 1149 2382 1285 2444; x_wconf 90' lang='lat' dir='ltr'>civitatis</span> <span class='ocrx_word' id='word_1_158' title='bbox 1310 2383 1340 2444; x_wconf 95' lang='lat' dir='ltr'>in</span> <span class='ocrx_word' id='word_1_159' title='bbox 1366 2403 1398 2444; x_wconf 89' lang='lat' dir='ltr'>se</span> <span class='ocrx_word' id='word_1_160' title='bbox 1423 2385 1651 2464; x_wconf 86' lang='lat' dir='ltr'>continentem,</span> 
     </span>
     <span class='ocr_line' id='line_1_18' title="bbox 391 2487 1651 2571; baseline -0.002 -16"><span class='ocrx_word' id='word_1_161' title='bbox 391 2492 566 2555; x_wconf 82' lang='lat' dir='ltr'>Benedicta</span> <span class='ocrx_word' id='word_1_162' title='bbox 591 2505 622 2553; x_wconf 92' lang='lat' dir='ltr'>et</span> <span class='ocrx_word' id='word_1_163' title='bbox 647 2490 776 2552; x_wconf 88' lang='lat' dir='ltr'>Thome</span> <span class='ocrx_word' id='word_1_164' title='bbox 808 2488 882 2551; x_wconf 90' lang='lat' dir='ltr'>filiis</span> <span class='ocrx_word' id='word_1_165' title='bbox 906 2489 1069 2550; x_wconf 93' lang='lat' dir='ltr'>Valentini</span> <span class='ocrx_word' id='word_1_166' title='bbox 1103 2487 1304 2570; x_wconf 87' lang='lat' dir='ltr'>Saphranich</span> <span class='ocrx_word' id='word_1_167' title='bbox 1333 2488 1418 2551; x_wconf 90' lang='lat' dir='ltr'>dicto</span> <span class='ocrx_word' id='word_1_168' title='bbox 1444 2505 1474 2551; x_wconf 92' lang='lat' dir='ltr'>et</span> <span class='ocrx_word' id='word_1_169' title='bbox 1498 2510 1651 2571; x_wconf 89' lang='lat' dir='ltr'>pereum</span> 
     </span>
     <span class='ocr_line' id='line_1_19' title="bbox 389 2594 1651 2679; baseline -0.001 -20"><span class='ocrx_word' id='word_1_170' title='bbox 389 2599 455 2660; x_wconf 92' lang='lat' dir='ltr'>suis</span> <span class='ocrx_word' id='word_1_171' title='bbox 478 2596 650 2659; x_wconf 83' lang='lat' dir='ltr'>heredibus</span> <span class='ocrx_word' id='word_1_172' title='bbox 674 2617 733 2679; x_wconf 92' lang='lat' dir='ltr'>pro</span> <span class='ocrx_word' id='word_1_173' title='bbox 758 2610 831 2658; x_wconf 91' lang='lat' dir='ltr'>octo</span> <span class='ocrx_word' id='word_1_174' title='bbox 856 2594 926 2658; x_wconf 88' lang='lat' dir='ltr'>flor.</span> <span class='ocrx_word' id='word_1_175' title='bbox 951 2595 1020 2656; x_wconf 90' lang='lat' dir='ltr'>auri</span> <span class='ocrx_word' id='word_1_176' title='bbox 1053 2595 1199 2656; x_wconf 93' lang='lat' dir='ltr'>vendidit</span> <span class='ocrx_word' id='word_1_177' title='bbox 1224 2609 1380 2677; x_wconf 89' lang='lat' dir='ltr'>perpetuo</span> <span class='ocrx_word' id='word_1_178' title='bbox 1413 2597 1651 2678; x_wconf 86' lang='lat' dir='ltr'>possidendam,</span> 
     </span>
     <span class='ocr_line' id='line_1_20' title="bbox 390 2701 1651 2786; baseline -0.001 -20"><span class='ocrx_word' id='word_1_179' title='bbox 390 2718 422 2766; x_wconf 91' lang='lat' dir='ltr'>et</span> <span class='ocrx_word' id='word_1_180' title='bbox 446 2704 521 2786; x_wconf 92' lang='lat' dir='ltr'>quia</span> <span class='ocrx_word' id='word_1_181' title='bbox 546 2703 641 2764; x_wconf 89' lang='lat' dir='ltr'>aliam</span> <span class='ocrx_word' id='word_1_182' title='bbox 667 2703 815 2764; x_wconf 90' lang='lat' dir='ltr'>similiter</span> <span class='ocrx_word' id='word_1_183' title='bbox 833 2716 977 2784; x_wconf 89' lang='lat' dir='ltr'>quartam</span> <span class='ocrx_word' id='word_1_184' title='bbox 1002 2715 1124 2782; x_wconf 90' lang='lat' dir='ltr'>partem</span> <span class='ocrx_word' id='word_1_185' title='bbox 1141 2701 1284 2763; x_wconf 89' lang='lat' dir='ltr'>eiusdem</span> <span class='ocrx_word' id='word_1_186' title='bbox 1303 2703 1418 2764; x_wconf 91' lang='lat' dir='ltr'>domus</span> <span class='ocrx_word' id='word_1_187' title='bbox 1442 2719 1566 2765; x_wconf 81' lang='lat' dir='ltr'>murare</span> <span class='ocrx_word' id='word_1_188' title='bbox 1582 2725 1651 2786; x_wconf 92' lang='lat' dir='ltr'>pre-</span> 
     </span>
     <span class='ocr_line' id='line_1_21' title="bbox 391 2807 1652 2892; baseline 0.002 -22"><span class='ocrx_word' id='word_1_189' title='bbox 391 2809 445 2871; x_wconf 85' lang='lat' dir='ltr'>lati</span> <span class='ocrx_word' id='word_1_190' title='bbox 471 2809 663 2871; x_wconf 90' lang='lat' dir='ltr'>Benedictus</span> <span class='ocrx_word' id='word_1_191' title='bbox 687 2824 718 2869; x_wconf 88' lang='lat' dir='ltr'>et</span> <span class='ocrx_word' id='word_1_192' title='bbox 735 2808 881 2870; x_wconf 91' lang='lat' dir='ltr'>Thomas</span> <span class='ocrx_word' id='word_1_193' title='bbox 897 2808 1063 2870; x_wconf 90' lang='lat' dir='ltr'>statutorie</span> <span class='ocrx_word' id='word_1_194' title='bbox 1089 2807 1264 2889; x_wconf 87' lang='lat' dir='ltr'>possident,</span> <span class='ocrx_word' id='word_1_195' title='bbox 1282 2808 1356 2870; x_wconf 90' lang='lat' dir='ltr'>ideo</span> <span class='ocrx_word' id='word_1_196' title='bbox 1371 2828 1467 2891; x_wconf 92' lang='lat' dir='ltr'>super</span> <span class='ocrx_word' id='word_1_197' title='bbox 1491 2811 1652 2892; x_wconf 89' lang='lat' dir='ltr'>premissis</span> 
     </span>
     <span class='ocr_line' id='line_1_22' title="bbox 390 2913 1607 2998; baseline 0.002 -22"><span class='ocrx_word' id='word_1_198' title='bbox 390 2918 449 2978; x_wconf 91' lang='lat' dir='ltr'>sub</span> <span class='ocrx_word' id='word_1_199' title='bbox 473 2916 626 2998; x_wconf 89' lang='lat' dir='ltr'>pendenti</span> <span class='ocrx_word' id='word_1_200' title='bbox 651 2915 758 2996; x_wconf 86' lang='lat' dir='ltr'>sigillo</span> <span class='ocrx_word' id='word_1_201' title='bbox 782 2914 873 2976; x_wconf 91' lang='lat' dir='ltr'>litera</span> <span class='ocrx_word' id='word_1_202' title='bbox 899 2926 1006 2975; x_wconf 92' lang='lat' dir='ltr'>nostre</span> <span class='ocrx_word' id='word_1_203' title='bbox 1032 2913 1271 2975; x_wconf 89' lang='lat' dir='ltr'>communitatis</span> <span class='ocrx_word' id='word_1_204' title='bbox 1296 2929 1342 2976; x_wconf 88' lang='lat' dir='ltr'>est</span> <span class='ocrx_word' id='word_1_205' title='bbox 1366 2915 1425 2976; x_wconf 92' lang='lat' dir='ltr'>sibi</span> <span class='ocrx_word' id='word_1_206' title='bbox 1450 2930 1607 2980; x_wconf 90' lang='lat' dir='ltr'>emanata.</span> 
     </span>
    </p>

    <p class='ocr_par' dir='ltr' id='par_1_3' title="bbox 390 3018 1654 4361">
     <span class='ocr_line' id='line_1_23' title="bbox 497 3018 1652 3104; baseline -0.001 -21"><span class='ocrx_word' id='word_1_207' title='bbox 497 3021 574 3082; x_wconf 89' lang='lat' dir='ltr'>ltem</span> <span class='ocrx_word' id='word_1_208' title='bbox 600 3020 753 3083; x_wconf 88' lang='lat' dir='ltr'>Clemens</span> <span class='ocrx_word' id='word_1_209' title='bbox 778 3019 866 3081; x_wconf 83' lang='lat' dir='ltr'>faber</span> <span class='ocrx_word' id='word_1_210' title='bbox 882 3018 967 3080; x_wconf 88' lang='lat' dir='ltr'>lilius</span> <span class='ocrx_word' id='word_1_211' title='bbox 984 3019 1070 3080; x_wconf 90' lang='lat' dir='ltr'>Luce</span> <span class='ocrx_word' id='word_1_212' title='bbox 1088 3018 1127 3080; x_wconf 92' lang='lat' dir='ltr'>de</span> <span class='ocrx_word' id='word_1_213' title='bbox 1145 3019 1316 3104; x_wconf 90' lang='lat' dir='ltr'>Werthlyn</span> <span class='ocrx_word' id='word_1_214' title='bbox 1341 3034 1371 3082; x_wconf 91' lang='lat' dir='ltr'>et</span> <span class='ocrx_word' id='word_1_215' title='bbox 1389 3019 1534 3082; x_wconf 90' lang='lat' dir='ltr'>Thomas</span> <span class='ocrx_word' id='word_1_216' title='bbox 1551 3037 1652 3084; x_wconf 91' lang='lat' dir='ltr'>sartor</span> 
     </span>
     <span class='ocr_line' id='line_1_24' title="bbox 390 3125 1652 3208; baseline 0.001 -19"><span class='ocrx_word' id='word_1_217' title='bbox 390 3127 475 3189; x_wconf 85' lang='lat' dir='ltr'>fitius</span> <span class='ocrx_word' id='word_1_218' title='bbox 499 3127 660 3189; x_wconf 90' lang='lat' dir='ltr'>Francisci</span> <span class='ocrx_word' id='word_1_219' title='bbox 697 3140 881 3188; x_wconf 83' lang='lat' dir='ltr'>executores</span> <span class='ocrx_word' id='word_1_220' title='bbox 905 3125 1010 3187; x_wconf 93' lang='lat' dir='ltr'>ultimi</span> <span class='ocrx_word' id='word_1_221' title='bbox 1039 3126 1221 3188; x_wconf 89' lang='lat' dir='ltr'>testamenti</span> <span class='ocrx_word' id='word_1_222' title='bbox 1254 3127 1362 3208; x_wconf 90' lang='lat' dir='ltr'>scripti</span> <span class='ocrx_word' id='word_1_223' title='bbox 1387 3127 1525 3189; x_wconf 91' lang='lat' dir='ltr'>condam</span> <span class='ocrx_word' id='word_1_224' title='bbox 1552 3129 1652 3190; x_wconf 89' lang='lat' dir='ltr'>Elene</span> 
     </span>
     <span class='ocr_line' id='line_1_25' title="bbox 391 3230 1650 3314; baseline 0.002 -21"><span class='ocrx_word' id='word_1_225' title='bbox 391 3232 535 3294; x_wconf 91' lang='lat' dir='ltr'>mulieris</span> <span class='ocrx_word' id='word_1_226' title='bbox 558 3233 667 3293; x_wconf 90' lang='lat' dir='ltr'>relicte</span> <span class='ocrx_word' id='word_1_227' title='bbox 699 3232 836 3294; x_wconf 91' lang='lat' dir='ltr'>condam</span> <span class='ocrx_word' id='word_1_228' title='bbox 870 3230 1002 3312; x_wconf 87' lang='lat' dir='ltr'>Georgii</span> <span class='ocrx_word' id='word_1_229' title='bbox 1032 3231 1184 3293; x_wconf 79' lang='lat' dir='ltr'>Wolltow</span> <span class='ocrx_word' id='word_1_230' title='bbox 1208 3232 1295 3312; x_wconf 89' lang='lat' dir='ltr'>dicti,</span> <span class='ocrx_word' id='word_1_231' title='bbox 1328 3235 1491 3314; x_wconf 89' lang='lat' dir='ltr'>quandam</span> <span class='ocrx_word' id='word_1_232' title='bbox 1517 3235 1650 3296; x_wconf 91' lang='lat' dir='ltr'>domum</span> 
     </span>
     <span class='ocr_line' id='line_1_26' title="bbox 391 3337 1653 3420; baseline 0.002 -20"><span class='ocrx_word' id='word_1_233' title='bbox 391 3337 511 3420; x_wconf 84' lang='lat' dir='ltr'>prefate</span> <span class='ocrx_word' id='word_1_234' title='bbox 528 3339 628 3400; x_wconf 90' lang='lat' dir='ltr'>Elene</span> <span class='ocrx_word' id='word_1_235' title='bbox 645 3339 789 3400; x_wconf 90' lang='lat' dir='ltr'>mulieris</span> <span class='ocrx_word' id='word_1_236' title='bbox 803 3351 961 3399; x_wconf 90' lang='lat' dir='ltr'>muratam</span> <span class='ocrx_word' id='word_1_237' title='bbox 978 3357 1051 3398; x_wconf 91' lang='lat' dir='ltr'>cum</span> <span class='ocrx_word' id='word_1_238' title='bbox 1070 3353 1156 3399; x_wconf 93' lang='lat' dir='ltr'>turre</span> <span class='ocrx_word' id='word_1_239' title='bbox 1170 3339 1321 3419; x_wconf 38' lang='lat' dir='ltr'>,similiter</span> <span class='ocrx_word' id='word_1_240' title='bbox 1337 3353 1472 3418; x_wconf 91' lang='lat' dir='ltr'>murata,</span> <span class='ocrx_word' id='word_1_241' title='bbox 1490 3360 1526 3400; x_wconf 92' lang='lat' dir='ltr'>ac</span> <span class='ocrx_word' id='word_1_242' title='bbox 1546 3339 1653 3402; x_wconf 84' lang='lat' dir='ltr'>fundis</span> 
     </span>
     <span class='ocr_line' id='line_1_27' title="bbox 391 3443 1653 3530; baseline 0.001 -22"><span class='ocrx_word' id='word_1_243' title='bbox 391 3460 422 3508; x_wconf 92' lang='lat' dir='ltr'>et</span> <span class='ocrx_word' id='word_1_244' title='bbox 446 3444 579 3507; x_wconf 89' lang='lat' dir='ltr'>edificiis</span> <span class='ocrx_word' id='word_1_245' title='bbox 603 3445 685 3507; x_wconf 91' lang='lat' dir='ltr'>inter</span> <span class='ocrx_word' id='word_1_246' title='bbox 709 3443 846 3507; x_wconf 87' lang='lat' dir='ltr'>fundum</span> <span class='ocrx_word' id='word_1_247' title='bbox 864 3459 894 3506; x_wconf 92' lang='lat' dir='ltr'>et</span> <span class='ocrx_word' id='word_1_248' title='bbox 918 3445 1052 3507; x_wconf 89' lang='lat' dir='ltr'>domum</span> <span class='ocrx_word' id='word_1_249' title='bbox 1081 3459 1237 3508; x_wconf 90' lang='lat' dir='ltr'>muratam</span> <span class='ocrx_word' id='word_1_250' title='bbox 1256 3460 1287 3507; x_wconf 93' lang='lat' dir='ltr'>et</span> <span class='ocrx_word' id='word_1_251' title='bbox 1309 3445 1445 3509; x_wconf 84' lang='lat' dir='ltr'>fundum</span> <span class='ocrx_word' id='word_1_252' title='bbox 1472 3447 1552 3530; x_wconf 91' lang='lat' dir='ltr'>Elye</span> <span class='ocrx_word' id='word_1_253' title='bbox 1569 3467 1653 3509; x_wconf 88' lang='lat' dir='ltr'>cam·</span> 
     </span>
     <span class='ocr_line' id='line_1_28' title="bbox 391 3551 1654 3634; baseline 0.005 -23"><span class='ocrx_word' id='word_1_254' title='bbox 391 3551 554 3632; x_wconf 88' lang='lat' dir='ltr'>panatoris</span> <span class='ocrx_word' id='word_1_255' title='bbox 578 3553 617 3612; x_wconf 91' lang='lat' dir='ltr'>ab</span> <span class='ocrx_word' id='word_1_256' title='bbox 645 3571 718 3630; x_wconf 89' lang='lat' dir='ltr'>una,</span> <span class='ocrx_word' id='word_1_257' title='bbox 744 3551 894 3613; x_wconf 89' lang='lat' dir='ltr'>videlicet</span> <span class='ocrx_word' id='word_1_258' title='bbox 918 3572 935 3612; x_wconf 93' lang='lat' dir='ltr'>a</span> <span class='ocrx_word' id='word_1_259' title='bbox 960 3552 1165 3613; x_wconf 90' lang='lat' dir='ltr'>meridionali</span> <span class='ocrx_word' id='word_1_260' title='bbox 1182 3565 1282 3634; x_wconf 88' lang='lat' dir='ltr'>parte,</span> <span class='ocrx_word' id='word_1_261' title='bbox 1307 3569 1338 3616; x_wconf 91' lang='lat' dir='ltr'>et</span> <span class='ocrx_word' id='word_1_262' title='bbox 1362 3555 1444 3616; x_wconf 87' lang='lat' dir='ltr'>inter</span> <span class='ocrx_word' id='word_1_263' title='bbox 1469 3553 1607 3616; x_wconf 85' lang='lat' dir='ltr'>fundum</span> <span class='ocrx_word' id='word_1_264' title='bbox 1624 3567 1654 3618; x_wconf 90' lang='lat' dir='ltr'>et</span> 
     </span>
     <span class='ocr_line' id='line_1_29' title="bbox 391 3657 1653 3740; baseline 0.004 -23"><span class='ocrx_word' id='word_1_265' title='bbox 391 3657 525 3718; x_wconf 91' lang='lat' dir='ltr'>domum</span> <span class='ocrx_word' id='word_1_266' title='bbox 543 3659 686 3739; x_wconf 85' lang='lat' dir='ltr'>magistri</span> <span class='ocrx_word' id='word_1_267' title='bbox 712 3658 846 3719; x_wconf 90' lang='lat' dir='ltr'>Fabiani</span> <span class='ocrx_word' id='word_1_268' title='bbox 864 3659 1009 3720; x_wconf 89' lang='lat' dir='ltr'>canonici</span> <span class='ocrx_word' id='word_1_269' title='bbox 1024 3659 1158 3721; x_wconf 91' lang='lat' dir='ltr'>ecclesie</span> <span class='ocrx_word' id='word_1_270' title='bbox 1175 3659 1391 3740; x_wconf 88' lang='lat' dir='ltr'>zagrabiensis</span> <span class='ocrx_word' id='word_1_271' title='bbox 1414 3681 1449 3721; x_wconf 89' lang='lat' dir='ltr'>ac</span> <span class='ocrx_word' id='word_1_272' title='bbox 1475 3661 1653 3722; x_wconf 89' lang='lat' dir='ltr'>Sebastiani</span> 
     </span>
     <span class='ocr_line' id='line_1_30' title="bbox 392 3763 1652 3844; baseline 0.004 -21"><span class='ocrx_word' id='word_1_273' title='bbox 392 3763 467 3824; x_wconf 92' lang='lat' dir='ltr'>dicti</span> <span class='ocrx_word' id='word_1_274' title='bbox 493 3763 625 3842; x_wconf 89' lang='lat' dir='ltr'>waak,</span> <span class='ocrx_word' id='word_1_275' title='bbox 650 3763 754 3826; x_wconf 86' lang='lat' dir='ltr'>fratris</span> <span class='ocrx_word' id='word_1_276' title='bbox 778 3765 826 3825; x_wconf 94' lang='lat' dir='ltr'>sui</span> <span class='ocrx_word' id='word_1_277' title='bbox 851 3765 1033 3826; x_wconf 90' lang='lat' dir='ltr'>concivium</span> <span class='ocrx_word' id='word_1_278' title='bbox 1058 3779 1251 3844; x_wconf 86' lang='lat' dir='ltr'>nostrorum,</span> <span class='ocrx_word' id='word_1_279' title='bbox 1275 3768 1315 3828; x_wconf 90' lang='lat' dir='ltr'>ab</span> <span class='ocrx_word' id='word_1_280' title='bbox 1340 3766 1438 3828; x_wconf 89' lang='lat' dir='ltr'>altera</span> <span class='ocrx_word' id='word_1_281' title='bbox 1462 3766 1612 3828; x_wconf 91' lang='lat' dir='ltr'>videlicet</span> <span class='ocrx_word' id='word_1_282' title='bbox 1635 3787 1652 3828; x_wconf 91' lang='lat' dir='ltr'>a</span> 
     </span>
     <span class='ocr_line' id='line_1_31' title="bbox 390 3869 1651 3954; baseline 0.005 -24"><span class='ocrx_word' id='word_1_283' title='bbox 390 3871 642 3951; x_wconf 87' lang='lat' dir='ltr'>septemtrionali</span> <span class='ocrx_word' id='word_1_284' title='bbox 666 3885 754 3952; x_wconf 90' lang='lat' dir='ltr'>parte</span> <span class='ocrx_word' id='word_1_285' title='bbox 780 3869 922 3934; x_wconf 90' lang='lat' dir='ltr'>habitam</span> <span class='ocrx_word' id='word_1_286' title='bbox 947 3885 977 3932; x_wconf 91' lang='lat' dir='ltr'>et</span> <span class='ocrx_word' id='word_1_287' title='bbox 1002 3871 1199 3951; x_wconf 82' lang='lat' dir='ltr'>existentem,</span> <span class='ocrx_word' id='word_1_288' title='bbox 1225 3891 1321 3934; x_wconf 90' lang='lat' dir='ltr'>unam</span> <span class='ocrx_word' id='word_1_289' title='bbox 1348 3873 1504 3954; x_wconf 89' lang='lat' dir='ltr'>integram</span> <span class='ocrx_word' id='word_1_290' title='bbox 1530 3875 1651 3936; x_wconf 89' lang='lat' dir='ltr'>curiam</span> 
     </span>
     <span class='ocr_line' id='line_1_32' title="bbox 391 3975 1652 4055; baseline 0.004 -19"><span class='ocrx_word' id='word_1_291' title='bbox 391 3975 482 4036; x_wconf 88' lang='lat' dir='ltr'>inse</span> <span class='ocrx_word' id='word_1_292' title='bbox 513 3977 743 4055; x_wconf 89' lang='lat' dir='ltr'>continentem,</span> <span class='ocrx_word' id='word_1_293' title='bbox 777 3977 909 4038; x_wconf 87' lang='lat' dir='ltr'>honeste</span> <span class='ocrx_word' id='word_1_294' title='bbox 942 3977 1073 4039; x_wconf 93' lang='lat' dir='ltr'>domine</span> <span class='ocrx_word' id='word_1_295' title='bbox 1105 3982 1198 4039; x_wconf 89' lang='lat' dir='ltr'>Anna</span> <span class='ocrx_word' id='word_1_296' title='bbox 1231 3991 1343 4040; x_wconf 89' lang='lat' dir='ltr'>vocate</span> <span class='ocrx_word' id='word_1_297' title='bbox 1377 3979 1486 4041; x_wconf 90' lang='lat' dir='ltr'>relicte</span> <span class='ocrx_word' id='word_1_298' title='bbox 1515 3979 1652 4040; x_wconf 90' lang='lat' dir='ltr'>condam</span> 
     </span>
     <span class='ocr_line' id='line_1_33' title="bbox 392 4085 1651 4168; baseline 0.002 -23"><span class='ocrx_word' id='word_1_299' title='bbox 392 4085 483 4146; x_wconf 90' lang='lat' dir='ltr'>Pauli</span> <span class='ocrx_word' id='word_1_300' title='bbox 508 4085 676 4166; x_wconf 88' lang='lat' dir='ltr'>Walputh,</span> <span class='ocrx_word' id='word_1_301' title='bbox 700 4086 824 4147; x_wconf 91' lang='lat' dir='ltr'>concivi</span> <span class='ocrx_word' id='word_1_302' title='bbox 850 4099 968 4165; x_wconf 91' lang='lat' dir='ltr'>nostre,</span> <span class='ocrx_word' id='word_1_303' title='bbox 993 4106 1052 4168; x_wconf 93' lang='lat' dir='ltr'>pro</span> <span class='ocrx_word' id='word_1_304' title='bbox 1085 4087 1296 4168; x_wconf 91' lang='lat' dir='ltr'>quadraginta</span> <span class='ocrx_word' id='word_1_305' title='bbox 1322 4085 1449 4148; x_wconf 90' lang='lat' dir='ltr'>duobus</span> <span class='ocrx_word' id='word_1_306' title='bbox 1480 4085 1549 4150; x_wconf 88' lang='lat' dir='ltr'>flor.</span> <span class='ocrx_word' id='word_1_307' title='bbox 1583 4087 1651 4148; x_wconf 91' lang='lat' dir='ltr'>auri</span> 
     </span>
     <span class='ocr_line' id='line_1_34' title="bbox 393 4190 1653 4274; baseline 0.003 -24"><span class='ocrx_word' id='word_1_308' title='bbox 393 4190 606 4251; x_wconf 89' lang='lat' dir='ltr'>vendiderunt</span> <span class='ocrx_word' id='word_1_309' title='bbox 630 4207 785 4273; x_wconf 90' lang='lat' dir='ltr'>perpetuo</span> <span class='ocrx_word' id='word_1_310' title='bbox 800 4192 1025 4274; x_wconf 89' lang='lat' dir='ltr'>possidendam</span> <span class='ocrx_word' id='word_1_311' title='bbox 1051 4207 1081 4254; x_wconf 92' lang='lat' dir='ltr'>et</span> <span class='ocrx_word' id='word_1_312' title='bbox 1103 4192 1274 4273; x_wconf 89' lang='lat' dir='ltr'>superinde</span> <span class='ocrx_word' id='word_1_313' title='bbox 1298 4194 1357 4254; x_wconf 88' lang='lat' dir='ltr'>sub</span> <span class='ocrx_word' id='word_1_314' title='bbox 1374 4191 1529 4274; x_wconf 91' lang='lat' dir='ltr'>pendenti</span> <span class='ocrx_word' id='word_1_315' title='bbox 1546 4193 1653 4272; x_wconf 86' lang='lat' dir='ltr'>sigillo</span> 
     </span>
     <span class='ocr_line' id='line_1_35' title="bbox 393 4296 1215 4361; baseline 0.005 -4"><span class='ocrx_word' id='word_1_316' title='bbox 393 4296 484 4358; x_wconf 88' lang='lat' dir='ltr'>litera</span> <span class='ocrx_word' id='word_1_317' title='bbox 509 4311 615 4358; x_wconf 91' lang='lat' dir='ltr'>nostre</span> <span class='ocrx_word' id='word_1_318' title='bbox 640 4299 880 4360; x_wconf 90' lang='lat' dir='ltr'>communitatis</span> <span class='ocrx_word' id='word_1_319' title='bbox 904 4311 949 4358; x_wconf 91' lang='lat' dir='ltr'>est</span> <span class='ocrx_word' id='word_1_320' title='bbox 973 4298 1034 4360; x_wconf 92' lang='lat' dir='ltr'>sibi</span> <span class='ocrx_word' id='word_1_321' title='bbox 1059 4313 1215 4361; x_wconf 88' lang='lat' dir='ltr'>emanata.</span> 
     </span>
    </p>

    <p class='ocr_par' dir='ltr' id='par_1_4' title="bbox 392 4403 1654 5128">
     <span class='ocr_line' id='line_1_36' title="bbox 499 4403 1653 4488; baseline 0.001 -24"><span class='ocrx_word' id='word_1_322' title='bbox 499 4403 576 4464; x_wconf 90' lang='lat' dir='ltr'>ltem</span> <span class='ocrx_word' id='word_1_323' title='bbox 601 4425 656 4486; x_wconf 89' lang='lat' dir='ltr'>per</span> <span class='ocrx_word' id='word_1_324' title='bbox 681 4405 868 4466; x_wconf 92' lang='lat' dir='ltr'>mandatum</span> <span class='ocrx_word' id='word_1_325' title='bbox 900 4405 1093 4466; x_wconf 89' lang='lat' dir='ltr'>serenissimi</span> <span class='ocrx_word' id='word_1_326' title='bbox 1127 4406 1280 4488; x_wconf 88' lang='lat' dir='ltr'>principis</span> <span class='ocrx_word' id='word_1_327' title='bbox 1304 4421 1334 4467; x_wconf 91' lang='lat' dir='ltr'>et</span> <span class='ocrx_word' id='word_1_328' title='bbox 1368 4405 1504 4483; x_wconf 91' lang='lat' dir='ltr'>domini,</span> <span class='ocrx_word' id='word_1_329' title='bbox 1529 4405 1653 4467; x_wconf 88' lang='lat' dir='ltr'>domini</span> 
     </span>
     <span class='ocr_line' id='line_1_37' title="bbox 394 4509 1654 4593; baseline 0.003 -23"><span class='ocrx_word' id='word_1_330' title='bbox 394 4509 513 4571; x_wconf 86' lang='lat' dir='ltr'>Mathis</span> <span class='ocrx_word' id='word_1_331' title='bbox 538 4510 587 4571; x_wconf 89' lang='lat' dir='ltr'>dei</span> <span class='ocrx_word' id='word_1_332' title='bbox 612 4512 718 4591; x_wconf 85' lang='lat' dir='ltr'>gracia</span> <span class='ocrx_word' id='word_1_333' title='bbox 743 4513 826 4592; x_wconf 89' lang='lat' dir='ltr'>regis</span> <span class='ocrx_word' id='word_1_334' title='bbox 851 4513 1027 4593; x_wconf 88' lang='lat' dir='ltr'>Hungarie,</span> <span class='ocrx_word' id='word_1_335' title='bbox 1046 4513 1221 4592; x_wconf 89' lang='lat' dir='ltr'>Dalmacie,</span> <span class='ocrx_word' id='word_1_336' title='bbox 1239 4511 1385 4591; x_wconf 89' lang='lat' dir='ltr'>Croacie,</span> <span class='ocrx_word' id='word_1_337' title='bbox 1410 4512 1535 4574; x_wconf 93' lang='lat' dir='ltr'>domini</span> <span class='ocrx_word' id='word_1_338' title='bbox 1554 4513 1654 4574; x_wconf 90' lang='lat' dir='ltr'>nostri</span> 
     </span>
     <span class='ocr_line' id='line_1_38' title="bbox 392 4616 1653 4701; baseline 0.006 -27"><span class='ocrx_word' id='word_1_339' title='bbox 392 4616 616 4695; x_wconf 90' lang='lat' dir='ltr'>graciosissimi</span> <span class='ocrx_word' id='word_1_340' title='bbox 643 4633 700 4679; x_wconf 91' lang='lat' dir='ltr'>etc.</span> <span class='ocrx_word' id='word_1_341' title='bbox 723 4619 945 4699; x_wconf 87' lang='lat' dir='ltr'>literatorium,</span> <span class='ocrx_word' id='word_1_342' title='bbox 968 4619 1055 4699; x_wconf 91' lang='lat' dir='ltr'>quod</span> <span class='ocrx_word' id='word_1_343' title='bbox 1088 4633 1164 4701; x_wconf 93' lang='lat' dir='ltr'>aput</span> <span class='ocrx_word' id='word_1_344' title='bbox 1189 4639 1247 4681; x_wconf 90' lang='lat' dir='ltr'>nos</span> <span class='ocrx_word' id='word_1_345' title='bbox 1278 4620 1523 4698; x_wconf 89' lang='lat' dir='ltr'>reservavimus,</span> <span class='ocrx_word' id='word_1_346' title='bbox 1552 4639 1653 4700; x_wconf 90' lang='lat' dir='ltr'>quau·</span> 
     </span>
     <span class='ocr_line' id='line_1_39' title="bbox 393 4720 1653 4808; baseline 0.005 -28"><span class='ocrx_word' id='word_1_347' title='bbox 393 4720 466 4780; x_wconf 93' lang='lat' dir='ltr'>dam</span> <span class='ocrx_word' id='word_1_348' title='bbox 491 4721 623 4782; x_wconf 92' lang='lat' dir='ltr'>domurn</span> <span class='ocrx_word' id='word_1_349' title='bbox 650 4724 808 4804; x_wconf 89' lang='lat' dir='ltr'>lapideam</span> <span class='ocrx_word' id='word_1_350' title='bbox 834 4725 865 4784; x_wconf 94' lang='lat' dir='ltr'>in</span> <span class='ocrx_word' id='word_1_351' title='bbox 891 4725 974 4784; x_wconf 89' lang='lat' dir='ltr'>dicta</span> <span class='ocrx_word' id='word_1_352' title='bbox 992 4725 1118 4786; x_wconf 91' lang='lat' dir='ltr'>civitate</span> <span class='ocrx_word' id='word_1_353' title='bbox 1143 4725 1225 4787; x_wconf 86' lang='lat' dir='ltr'>inter</span> <span class='ocrx_word' id='word_1_354' title='bbox 1242 4724 1377 4787; x_wconf 92' lang='lat' dir='ltr'>domum</span> <span class='ocrx_word' id='word_1_355' title='bbox 1401 4725 1549 4787; x_wconf 91' lang='lat' dir='ltr'>similiter</span> <span class='ocrx_word' id='word_1_356' title='bbox 1574 4725 1653 4808; x_wconf 91' lang='lat' dir='ltr'>lapi·</span> 
     </span>
     <span class='ocr_line' id='line_1_40' title="bbox 394 4825 1653 4914; baseline 0.006 -29"><span class='ocrx_word' id='word_1_357' title='bbox 394 4825 485 4886; x_wconf 90' lang='lat' dir='ltr'>deam</span> <span class='ocrx_word' id='word_1_358' title='bbox 510 4827 587 4887; x_wconf 89' lang='lat' dir='ltr'>alias</span> <span class='ocrx_word' id='word_1_359' title='bbox 612 4829 736 4890; x_wconf 90' lang='lat' dir='ltr'>Nicolai</span> <span class='ocrx_word' id='word_1_360' title='bbox 762 4829 913 4891; x_wconf 85' lang='lat' dir='ltr'>aurifabri</span> <span class='ocrx_word' id='word_1_361' title='bbox 938 4833 977 4891; x_wconf 93' lang='lat' dir='ltr'>ab</span> <span class='ocrx_word' id='word_1_362' title='bbox 1007 4851 1081 4910; x_wconf 89' lang='lat' dir='ltr'>una,</span> <span class='ocrx_word' id='word_1_363' title='bbox 1106 4832 1256 4893; x_wconf 90' lang='lat' dir='ltr'>videlicet</span> <span class='ocrx_word' id='word_1_364' title='bbox 1273 4835 1312 4895; x_wconf 92' lang='lat' dir='ltr'>ab</span> <span class='ocrx_word' id='word_1_365' title='bbox 1337 4832 1530 4894; x_wconf 90' lang='lat' dir='ltr'>occidentali</span> <span class='ocrx_word' id='word_1_366' title='bbox 1555 4847 1653 4914; x_wconf 88' lang='lat' dir='ltr'>parte,</span> 
     </span>
     <span class='ocr_line' id='line_1_41' title="bbox 393 4932 1653 5018; baseline 0.007 -27"><span class='ocrx_word' id='word_1_367' title='bbox 393 4951 428 4992; x_wconf 88' lang='lat' dir='ltr'>ac</span> <span class='ocrx_word' id='word_1_368' title='bbox 452 4932 532 4993; x_wconf 92' lang='lat' dir='ltr'>inter</span> <span class='ocrx_word' id='word_1_369' title='bbox 548 4934 626 4995; x_wconf 91' lang='lat' dir='ltr'>duas</span> <span class='ocrx_word' id='word_1_370' title='bbox 643 4936 708 4996; x_wconf 92' lang='lat' dir='ltr'>vias</span> <span class='ocrx_word' id='word_1_371' title='bbox 725 4957 779 4998; x_wconf 91' lang='lat' dir='ltr'>seu</span> <span class='ocrx_word' id='word_1_372' title='bbox 797 4937 917 5018; x_wconf 88' lang='lat' dir='ltr'>plateas</span> <span class='ocrx_word' id='word_1_373' title='bbox 934 4957 1132 5016; x_wconf 89' lang='lat' dir='ltr'>communes,</span> <span class='ocrx_word' id='word_1_374' title='bbox 1150 4959 1282 5000; x_wconf 88' lang='lat' dir='ltr'>unama</span> <span class='ocrx_word' id='word_1_375' title='bbox 1307 4940 1486 5001; x_wconf 90' lang='lat' dir='ltr'>meridione</span> <span class='ocrx_word' id='word_1_376' title='bbox 1504 4955 1534 4999; x_wconf 91' lang='lat' dir='ltr'>et</span> <span class='ocrx_word' id='word_1_377' title='bbox 1559 4939 1653 5000; x_wconf 88' lang='lat' dir='ltr'>aliam</span> 
     </span>
     <span class='ocr_line' id='line_1_42' title="bbox 394 5037 1651 5128; baseline 0.01 -32"><span class='ocrx_word' id='word_1_378' title='bbox 394 5037 433 5096; x_wconf 88' lang='lat' dir='ltr'>ab</span> <span class='ocrx_word' id='word_1_379' title='bbox 458 5039 621 5101; x_wconf 90' lang='lat' dir='ltr'>occidente</span> <span class='ocrx_word' id='word_1_380' title='bbox 646 5043 720 5103; x_wconf 89' lang='lat' dir='ltr'>sitas</span> <span class='ocrx_word' id='word_1_381' title='bbox 745 5041 885 5104; x_wconf 90' lang='lat' dir='ltr'>habitam</span> <span class='ocrx_word' id='word_1_382' title='bbox 921 5059 951 5105; x_wconf 91' lang='lat' dir='ltr'>et</span> <span class='ocrx_word' id='word_1_383' title='bbox 976 5045 1174 5124; x_wconf 83' lang='lat' dir='ltr'>existentem,</span> <span class='ocrx_word' id='word_1_384' title='bbox 1203 5046 1349 5128; x_wconf 90' lang='lat' dir='ltr'>quinque</span> <span class='ocrx_word' id='word_1_385' title='bbox 1374 5045 1406 5107; x_wconf 96' lang='lat' dir='ltr'>in</span> <span class='ocrx_word' id='word_1_386' title='bbox 1431 5059 1500 5108; x_wconf 91' lang='lat' dir='ltr'>toto</span> <span class='ocrx_word' id='word_1_387' title='bbox 1525 5061 1651 5128; x_wconf 89' lang='lat' dir='ltr'>quartas</span> 
     </span>
    </p>
   </div>
   <div class='ocr_carea' id='block_1_2' title="bbox 0 0 1925 5804">
    <p class='ocr_par' dir='ltr' id='par_1_5' title="bbox 0 0 1925 5804">
     <span class='ocr_line' id='line_1_43' title="bbox 0 0 1925 5804; baseline 0 0"><span class='ocrx_word' id='word_1_388' title='bbox 0 0 1925 5804; x_wconf 95' lang='lat' dir='ltr'> </span> 
     </span>
    </p>
   </div>
  </div>
 </body>
</html>
