3832 5804
407 554 465 616 180
933 562 1019 615 Anno
1042 554 1134 636 [458.

401 787 498 828 censu
524 781 554 828 et
577 783 735 848 proventu
759 783 869 829 nostro
895 771 1058 830 communi
1076 767 1219 830 Martino
1243 770 1341 851 judici
1367 769 1434 832 filio
1459 770 1587 832 Thome
1605 791 1662 853 pro

400 871 551 935 fidelibus
574 873 717 935 serviciis
733 874 798 935 suis
823 873 1008 935 Anthonius
1024 874 1131 956 judex,
1148 875 1252 956 jurati,
1270 877 1444 938 consiliarii
1468 891 1499 938 et
1523 877 1664 938 universi

401 980 485 1041 cives
509 1000 544 1042 ac
568 992 634 1041 tota
660 980 875 1042 communitas
891 981 1009 1044 civium
1029 981 1166 1043 civitatis
1190 983 1331 1064 predicte
1357 983 1490 1045 donavit
1508 998 1664 1065 perpetuo

400 1086 631 1168 possidendum
664 1101 695 1148 et
725 1086 896 1170 superinde
921 1101 968 1150 est
991 1089 1050 1150 sibi
1076 1089 1167 1150 litera
1186 1092 1245 1152 sub
1270 1090 1423 1173 pendenti
1447 1091 1554 1171 sigillo
1579 1111 1662 1152 com-

400 1193 568 1254 munitatis
592 1207 750 1256 emanata.

506 1299 583 1360 Item
608 1299 703 1361 lrater
728 1300 865 1362 Michael
884 1300 1049 1362 Heremita
1073 1300 1158 1362 filius
1176 1302 1341 1383 Stephani,
1358 1303 1521 1384 quandam
1546 1317 1661 1365 terram

399 1427 488 1468 suam
514 1407 668 1468 arabilem
701 1407 732 1467 in
768 1408 911 1491 Tratyna
944 1409 1027 1470 inter
1062 1409 1128 1469 vias
1160 1429 1349 1472 communes
1382 1425 1412 1472 et
1437 1413 1518 1472 inter
1548 1425 1662 1472 terram

400 1513 529 1597 Mathye
555 1513 776 1595 Ketzowaych
794 1514 898 1592 sitam,
922 1514 1051 1594 triginta
1078 1534 1179 1576 unum
1196 1517 1303 1577 sulcos
1320 1517 1352 1578 in
1378 1537 1410 1578 se
1435 1517 1663 1594 continentem,

400 1619 528 1703 Mathye
554 1619 728 1702 waarych
753 1618 820 1682 lilio
848 1621 1018 1682 Laurencii
1044 1635 1074 1684 et
1099 1623 1230 1684 domine
1250 1623 1412 1685 Dorothee
1436 1644 1493 1686 sue
1518 1625 1658 1686 consorti

398 1745 434 1787 ac
459 1745 515 1807 per
539 1745 595 1787 eos
619 1725 762 1808 Ipsorum
795 1725 968 1788 heredibus
999 1748 1057 1809 pro
1090 1728 1229 1790 sedecim
1255 1749 1328 1791 cum
1360 1730 1468 1791 medio
1493 1730 1562 1794 flor.
1588 1751 1661 1791 veu-

398 1831 480 1893 didit
503 1845 659 1914 perpetuo
684 1831 913 1914 possidendam
946 1848 976 1896 et
1001 1835 1172 1916 superinde
1197 1850 1244 1896 est
1264 1836 1324 1896 sibi
1350 1835 1468 1918 (litera)
1491 1837 1550 1898 sub
1586 1857 1663 1918 pen·

402 1937 490 1998 denti
514 1938 622 2018 sigillo
646 1939 886 2001 communitatis
911 1955 1067 2003 emanata.

505 2044 582 2106 Item
607 2044 771 2107 lohannes
794 2044 890 2127 judex
913 2045 999 2108 filius
1023 2048 1160 2109 condam
1195 2049 1275 2110 Pero
1299 2049 1404 2130 jurati,
1429 2050 1591 2131 quandam
1616 2050 1661 2110 vi-

398 2169 491 2211 neam
516 2170 617 2228 suam,
642 2170 704 2232 que
729 2151 865 2212 condam
893 2152 1040 2234 Gregorii
1066 2154 1332 2240 Valentinowych
1362 2155 1490 2238 prefuit,
1515 2157 1547 2217 in
1572 2157 1661 2217 terri-

396 2257 480 2317 torio
505 2270 614 2317 nostro
638 2276 739 2339 prope
763 2257 931 2319 ecclesiam
965 2260 1066 2321 sancti
1092 2259 1225 2342 Georgii
1258 2261 1397 2323 martiris
1428 2265 1510 2322 inter
1534 2263 1660 2322 vineam

397 2363 653 2424 condicionalem
680 2363 834 2444 Stephani
857 2363 951 2444 jurati
976 2364 1034 2426 filii
1052 2365 1191 2444 Thome‚
1217 2387 1233 2428 a
1258 2368 1497 2449 septemtrione,
1520 2381 1552 2428 et
1574 2368 1658 2428 viam

398 2487 603 2530 communem
638 2489 673 2530 ac
697 2469 850 2550 (h)ortum
884 2471 1021 2532 condam
1055 2471 1205 2554 Gregorii
1238 2473 1476 2557 Chezanychyn
1510 2474 1662 2552 habitam,

398 2573 535 2656 desuper
560 2595 577 2636 a
602 2575 653 2636 via
678 2577 843 2637 communi
868 2591 899 2638 et
916 2575 996 2639 inira
1025 2598 1125 2660 usque
1151 2580 1290 2642 rivulum
1308 2582 1405 2642 simul
1422 2601 1495 2642 cum
1521 2581 1660 2664 virgulto

398 2680 458 2742 sibi
475 2680 652 2761 subjacenti
678 2701 710 2742 se
729 2681 965 2759 extendentem,
983 2683 1170 2746 Sebastiano
1192 2687 1343 2748 Soldinar
1359 2707 1394 2748 ac
1418 2707 1474 2769 per
1499 2708 1573 2748 eum
1597 2688 1661 2748 suis

397 2785 569 2848 heredibus
592 2807 651 2867 pro
675 2788 830 2850 tredecim
854 2787 923 2851 flor.
958 2792 1026 2850 auri
1059 2792 1205 2852 vendidit
1233 2806 1388 2874 perpetuo
1419 2793 1659 2875 possidendam,

397 2893 437 2952 de
461 2912 523 2973 qua
549 2893 674 2954 medius
698 2894 834 2954 eubulus
866 2895 932 2956 vini
965 2895 1005 2956 ad
1030 2896 1153 2958 Cenam
1187 2897 1319 2959 Domini
1351 2901 1501 2980 provenit
1524 2900 1660 2981 singulis

398 2999 500 3077 annis,
525 3013 556 3059 et
573 2999 746 3081 superinde
771 3015 817 3060 est
841 3001 902 3061 sibi
926 3002 1017 3062 litera
1035 3005 1094 3064 sub
1119 3003 1271 3083 pendenti
1289 3005 1396 3085 sigillo
1421 3006 1660 3067 communitatis

399 3119 555 3168 emanata.

503 3212 580 3274 Item
607 3211 722 3274 Gallus
738 3214 869 3275 sellator
893 3214 977 3277 filius
995 3217 1133 3277 condam
1153 3217 1249 3299 Myke
1268 3217 1306 3277 de
1324 3217 1400 3278 villa
1418 3217 1659 3301 Zobachewczy

398 3318 516 3396 habita,
541 3319 703 3400 quandam
722 3319 856 3380 domum
881 3341 972 3382 suam
991 3342 1063 3383 cum
1082 3322 1183 3384 Iundo
1201 3337 1232 3383 et
1249 3322 1384 3384 edificiis
1408 3324 1490 3385 inter
1514 3325 1658 3402 domum,

397 3422 534 3486 fundum
560 3439 591 3486 et
615 3426 783 3487 cisternam
803 3426 931 3509 Mathye
956 3429 1084 3489 sartoris
1101 3429 1206 3490 claudi
1225 3449 1260 3489 ac
1286 3429 1367 3490 inter
1385 3428 1463 3490 duas
1487 3431 1554 3491 vias
1571 3450 1658 3491 com·

398 3549 511 3591 munes
528 3529 681 3610 habitam,
698 3533 837 3593 mediam
856 3534 976 3594 curiam
995 3535 1034 3595 ad
1053 3555 1146 3595 usum
1164 3536 1300 3596 civitatis
1318 3535 1439 3617 prelate
1457 3538 1488 3597 in
1506 3557 1539 3597 se
1557 3537 1657 3598 conti-

397 3649 538 3714 nentem,
563 3637 735 3698 Valentino
760 3638 890 3720 pellifici
923 3637 990 3700 filio
1016 3640 1145 3701 Thome
1170 3641 1209 3702 de
1241 3642 1316 3702 villa
1344 3641 1538 3725 Luchynczy
1563 3644 1657 3712 dicta.

398 3761 484 3802 novo
510 3743 634 3804 concivi
660 3757 780 3822 nostr0,
805 3764 864 3826 pro
888 3745 990 3808 tribus
1014 3746 1083 3808 flor.
1113 3748 1182 3808 auri
1207 3748 1354 3810 vendidit
1377 3765 1533 3831 perpetuo
1557 3750 1658 3832 possi-

398 3849 536 3910 dendam
562 3863 592 3910 et
617 3851 788 3932 superinde
805 3865 852 3912 est
875 3852 936 3912 sibi
965 3853 1056 3915 litera
1081 3855 1139 3914 sub
1168 3855 1322 3936 pendenti
1347 3855 1454 3936 sIgillo
1479 3857 1657 3917 communi·

396 3955 469 4017 tatis
494 3970 650 4019 emanata.

502 4061 580 4122 Item
606 4063 739 4144 provida
765 4065 881 4126 mulier
898 4065 1073 4127 Katherina
1090 4080 1201 4128 vocata
1214 4065 1279 4128 filia
1298 4068 1436 4129 condam
1461 4069 1550 4130 Pauli
1570 4069 1656 4154 Duy·

397 4168 557 4251 mowych,
584 4183 619 4230 ut
643 4171 709 4251 ipsa
735 4170 896 4250 quandam
922 4171 1050 4233 vineam
1083 4192 1173 4233 suam
1199 4173 1230 4233 ln
1254 4175 1414 4236 territorio
1439 4189 1547 4236 nostro
1573 4177 1655 4236 inter

397 4275 506 4336 vineas
530 4275 684 4336 lobannis
709 4276 826 4338 Bolsalr
858 4291 889 4338 et
913 4277 1090 4340 Clementis
1115 4279 1379 4365 Fudrichewych,
1411 4302 1447 4343 ac
1480 4283 1562 4344 inter
1595 4282 1656 4344 Ios·

396 4395 462 4442 sata
487 4401 542 4442 seu
566 4395 690 4442 meatus
714 4403 796 4464 aque
820 4383 974 4462 habitam,
1006 4383 1129 4467 prelato
1154 4387 1291 4447 Iohanni
1323 4386 1421 4467 judici
1446 4408 1481 4449 ac
1505 4407 1561 4470 per
1584 4408 1656 4450 eum

395 4488 460 4549 suis
484 4487 655 4550 heredibus
687 4511 744 4572 pro
778 4491 958 4552 octodecim
989 4490 1058 4554 flor.
1092 4493 1159 4552 auri
1192 4492 1335 4554 vendidit
1366 4506 1522 4575 perpetuo
1556 4496 1656 4576 possi·

395 4594 533 4655 dendam
559 4609 589 4655 et
612 4595 783 4677 superinde
808 4609 854 4657 est
878 4597 938 4658 sibi
962 4597 1053 4658 litera
1078 4600 1136 4660 sub
1161 4599 1313 4680 pendenti
1343 4585 1452 4680 sigillo
1477 4602 1656 4662 communi-

394 4701 468 4762 tatis
492 4715 648 4764 emanata.

501 4807 576 4868 Item
603 4808 722 4869 Paulus
754 4807 894 4870 carnifex
924 4807 1009 4870 filius
1041 4810 1197 4872 Iohannis
1229 4813 1267 4872 de
1301 4810 1457 4892 Gradsan,
1492 4813 1654 4894 quandam

395 4912 528 4974 domum
553 4915 649 4975 simul
674 4934 746 4976 cum
771 4912 872 4976 fundo
897 4928 927 4975 et
944 4915 1076 4977 edificiis
1101 4917 1235 4978 indicta
1259 4918 1386 4980 clvitate
1411 4919 1492 4980 inter
1517 4918 1652 4980 fundum

394 5021 568 5082 liberorum
594 5023 730 5083 condam
756 5023 845 5083 Jurse
876 5035 906 5083 et
931 5020 1063 5104 Georgii
1088 5025 1228 5104 agricole
1260 5037 1290 5085 et
1315 5025 1491 5087 liberorum
1516 5025 1652 5087 condam
