3832 5804
410 558 472 616 ²04
938 537 1027 598 Anno
1051 536 1142 616 1460.

408 750 553 812 habiturn
577 763 608 812 et
634 751 833 829 existentem,
852 769 948 812 unam
972 764 1118 832 quartam
1135 750 1221 812 curie
1244 762 1275 811 et
1298 762 1445 810 octavam
1463 749 1494 810 in
1518 768 1551 810 se
1569 750 1673 810 conti·

409 871 549 934 nentem,
574 855 740 918 Anthonio
768 856 937 917 Termsich
962 855 1030 917 lilio
1055 856 1192 918 Emerici
1227 855 1266 915 de
1291 854 1460 937 Podgorya
1486 874 1571 916 novo
1595 873 1672 916 con·

408 962 468 1022 civi
494 977 603 1024 nostro
628 983 666 1024 ac
689 983 746 1045 per
778 982 851 1024 eum
876 963 941 1024 suis
973 962 1145 1024 heredibus
1178 981 1236 1044 pro
1268 973 1406 1041 quatuor
1438 960 1551 1021 marcis
1574 961 1672 1021 dena-

407 1067 529 1128 riorum
553 1069 796 1153 wyennensium
822 1069 966 1130 vendidit
982 1081 1012 1129 et
1028 1067 1201 1150 superinde
1219 1067 1309 1128 litera
1327 1080 1434 1127 nostra
1463 1065 1673 1148 privilegialis

407 1175 466 1235 sub
490 1174 643 1256 pendenti
668 1174 776 1255 sigillo
801 1187 847 1236 est
869 1175 929 1236 sibi
955 1187 1112 1236 emanata.

513 1279 588 1341 ltem
617 1279 808 1344 Benedictus
831 1277 916 1342 filius
945 1279 1055 1341 Jacobi
1086 1278 1162 1341 dicti
1188 1277 1319 1356 Pulech,
1353 1276 1516 1358 quandam
1541 1277 1670 1337 vineam

406 1405 462 1446 seu
494 1387 681 1468 porcionem
713 1387 872 1448 vinealem
909 1387 990 1448 inter
1023 1385 1149 1447 vineam
1183 1384 1358 1446 Katherina
1391 1383 1535 1443 mulieris
1562 1383 1672 1444 relicte

406 1493 543 1554 condam
570 1492 724 1554 Johannis
757 1491 888 1553 Philech
921 1493 960 1552 ab
986 1511 1048 1553 una
1081 1503 1180 1572 parte,
1214 1493 1253 1551 ab
1278 1490 1376 1551 altera
1408 1506 1484 1549 vero
1517 1487 1669 1569 Stephani

408 1597 565 1659 carnificis
590 1598 699 1680 Zaylro
724 1597 942 1678 cognominati
968 1598 1110 1659 habitam
1135 1610 1166 1657 et
1190 1596 1390 1672 existentem,
1415 1595 1553 1675 desuper
1577 1613 1595 1654 a
1619 1593 1670 1653 via

410 1724 525 1785 magna
551 1719 581 1766 et
604 1706 769 1767 communi
795 1703 876 1766 infra
901 1723 1002 1785 usque
1019 1719 1161 1765 meatum
1186 1722 1268 1785 aque
1293 1701 1453 1784 pluvialis,
1477 1699 1572 1760 simul
1597 1718 1670 1759 curn

410 1810 550 1890 virgulto
576 1811 680 1872 eidem
697 1809 874 1892 subjacenti
898 1829 931 1872 se
948 1808 1185 1886 extendentem,
1203 1807 1364 1870 Clementi
1383 1806 1482 1868 sutori
1506 1805 1573 1867 filio
1592 1803 1669 1866 Gre-

407 1915 489 1993 gorii
515 1915 554 1975 de
580 1913 827 2000 Grcheuschyna
853 1935 889 1978 ac
920 1935 975 1997 per
999 1935 1073 1978 eum
1091 1915 1156 1976 suis
1178 1913 1349 1975 heredibus
1366 1932 1423 1994 pro
1448 1926 1586 1994 quatuor
1601 1910 1671 1973 flor.

408 2021 476 2082 auri
502 2041 538 2082 ac
563 2021 708 2083 ducentis
740 2023 941 2104 septuaginta
973 2021 1113 2082 denariis
1144 2020 1392 2105 wyennensibus
1423 2017 1569 2078 vendidit
1600 2036 1668 2100 per-

407 2141 506 2210 petuo
531 2127 759 2210 possidendam
785 2141 816 2190 et
839 2127 1012 2210 superinde
1037 2127 1128 2190 litera
1144 2139 1251 2187 nostra
1274 2123 1483 2208 privilegialis
1507 2125 1566 2184 sub
1590 2141 1667 2204 pen-

406 2233 493 2294 denti
518 2233 626 2314 sigillo
651 2247 698 2296 est
721 2235 782 2295 sibi
807 2247 963 2296 emanata.

512 2339 590 2400 ltem
624 2339 786 2402 Fabianus
818 2355 906 2401 sutor
943 2359 1042 2420 gener
1081 2337 1219 2400 condam
1250 2335 1414 2398 Valentini
1446 2335 1562 2396 sutoris
1593 2333 1669 2396 dicti

406 2443 518 2522 Folen,
544 2444 706 2525 quandam
724 2445 911 2527 porcionem
930 2445 1090 2507 vinealem
1108 2445 1247 2506 condam
1265 2442 1420 2505 lobannis
1436 2440 1562 2522 juvenis
1577 2440 1670 2501 aliter

405 2549 489 2610 lwan
514 2551 618 2612 vocati
643 2549 700 2612 filii
726 2551 876 2614 videlicet
907 2553 967 2630 sui,
993 2551 1074 2613 inter
1108 2552 1297 2633 porcionem
1329 2548 1476 2610 similiter
1508 2546 1667 2608 vinealem

405 2655 529 2718 domini
555 2658 718 2718 Ambrosii
744 2659 909 2739 presbiteri
932 2659 1060 2740 plebani
1086 2658 1126 2719 de
1145 2657 1297 2724 Hwthina
1322 2653 1563 2717 ameridionali
1580 2667 1667 2735 parte

404 2783 440 2824 ac
465 2763 547 2824 inter
571 2764 730 2824 vinealem
757 2765 943 2846 porcionem
963 2763 1111 2844 Gregorii
1130 2764 1270 2845 agricole
1288 2761 1509 2824 inhabitatoris
1533 2759 1668 2821 civitatis

404 2867 487 2929 dicte
513 2867 569 2929 filii
594 2869 720 2930 Nicolai
745 2869 784 2930 de
811 2869 961 2932 Palichna
987 2891 1003 2930 a
1038 2869 1290 2952 septemtrionali
1323 2881 1411 2950 parte
1436 2866 1588 2944 habitam,
1612 2865 1666 2926 de·

403 2991 538 3056 supera
564 2975 614 3062 via
636 2975 801 3036 communi
828 2978 868 3037 ab
893 2976 1059 3037 occidente
1083 2975 1190 3038 habita
1226 2989 1258 3036 et
1281 2972 1362 3036 infra
1386 2993 1487 3054 usque
1512 2970 1665 3033 fossatum

403 3098 459 3139 seu
485 3079 654 3141 decursum
679 3101 716 3141 ac
740 3096 881 3143 meatum
907 3101 989 3162 aque
1007 3082 1158 3163 pluvialis
1181 3101 1198 3143 a
1224 3094 1311 3164 parte
1328 3079 1475 3142 orientali
1501 3099 1534 3140 se
1559 3093 1665 3140 exten·

403 3184 544 3264 dentem,
570 3187 712 3248 Barnabe
738 3187 878 3269 agricole
904 3187 971 3249 filio
996 3188 1134 3250 condam
1161 3188 1252 3250 Pauli
1277 3189 1317 3248 de
1346 3187 1515 3263 Rakonok,
1540 3184 1664 3246 concivi

404 3304 523 3370 nostro,
548 3310 583 3353 ac
610 3313 666 3373 per
689 3313 763 3354 eum
789 3294 855 3354 suis
880 3293 1052 3356 heredibus
1076 3313 1134 3375 pro
1167 3292 1413 3376 quatuordecim
1439 3292 1546 3374 pensis
1567 3291 1664 3351 dena·

403 3395 522 3456 riorum
548 3400 792 3478 wyennensium
818 3400 966 3461 vendidit
998 3396 1160 3483 perpetuo'
1186 3399 1414 3481 possidendam
1440 3413 1471 3460 et
1493 3397 1664 3480 superinde

402 3499 492 3561 litera
518 3515 624 3563 nostra
653 3505 861 3585 privilegialis
884 3508 945 3567 sub
968 3507 1120 3586 pendenti
1152 3506 1260 3586 sigillo
1285 3518 1331 3566 est
1355 3505 1415 3566 sibi
1441 3520 1599 3566 emanata.

508 3607 585 3669 ltem
611 3610 800 3672 Valentinus
824 3613 963 3692 agricola
989 3612 1073 3674 filius
1098 3612 1255 3675 Anthonii
1280 3612 1433 3674 directam
1459 3627 1490 3673 et
1513 3612 1662 3692 equalem

402 3713 608 3776 medietatem
633 3717 799 3778 cuiusdam
825 3718 941 3780 domus
965 3740 1022 3781 sue
1046 3721 1142 3781 simul
1168 3739 1240 3781 curn
1267 3717 1369 3780 tundo
1393 3733 1424 3781 et
1448 3719 1567 3780 celario
1591 3719 1664 3779 sub·

401 3831 547 3882 terraneo
572 3821 653 3882 inter
678 3823 803 3902 domos,
829 3822 947 3886 luridos
964 3845 999 3886 ac
1025 3823 1150 3886 edificia
1169 3825 1362 3906 hlagdalene
1387 3824 1531 3886 mulieris
1555 3825 1662 3887 relicte

402 3924 538 3986 condam
565 3927 688 3988 Nicolai
713 3930 829 3990 sutoris
853 3951 870 3992 a
895 3931 1100 3993 meridionali
1123 3947 1211 4014 parte
1237 3946 1267 3993 et
1284 3931 1413 3994 Thome
1438 3931 1605 4013 piscatoris
1628 3949 1664 3992 ac

400 4031 527 4092 Andree
552 4033 592 4094 de
616 4033 738 4096 Dedich
763 4055 780 4096 a
804 4039 1057 4118 septemtrionali
1084 4053 1184 4120 parre,
1217 4058 1314 4100 unam
1344 4053 1489 4119 quartam
1515 4039 1603 4099 curie
1629 4038 1661 4098 in

399 4155 432 4196 se
457 4138 685 4217 continentem,
712 4139 870 4222 Gregorio
895 4141 963 4204 filio
989 4144 1128 4226 Philippi
1154 4143 1359 4206 Wreczarich
1391 4143 1516 4205 concivi
1553 4157 1662 4205 nostro

401 4261 437 4302 ac
461 4263 516 4323 per
540 4264 613 4304 cum
645 4247 710 4306 suis
743 4247 915 4309 heredibus
946 4269 1005 4331 pto
1037 4251 1282 4330 quatuordecim
1315 4251 1423 4332 pensis
1455 4251 1660 4312 denariorum

399 4351 642 4428 wyennensium
675 4353 820 4414 vendidit
853 4368 1008 4436 perpetuo
1041 4355 1268 4437 possidendam
1304 4369 1336 4418 et
1366 4356 1540 4438 superinde
1573 4356 1662 4418 litera

400 4467 504 4512 nostra
531 4455 738 4535 privilegialis
762 4461 821 4520 sub
845 4460 998 4539 pendenti
1023 4462 1130 4540 sigillo
1156 4475 1203 4523 est
1226 4463 1287 4522 sibi
1313 4477 1472 4526 emanata.

505 4558 582 4620 ltem
615 4563 690 4640 quia
723 4563 887 4625 Emericus
919 4563 1003 4626 filius
1028 4567 1111 4629 Petri
1144 4567 1313 4652 Kuychian
1353 4567 1467 4646 dictus,
1500 4569 1662 4649 quendam

400 4657 534 4722 fundum
561 4678 592 4724 et
616 4665 748 4727 domum
783 4669 813 4728 in
847 4672 1002 4733 suburbio
1034 4673 1171 4734 civitatis
1205 4675 1347 4756 predicte
1378 4674 1462 4735 inter
1493 4675 1610 4736 domos
1634 4689 1663 4738 et

399 4761 517 4826 fundos
542 4767 719 4832 Clementis
742 4776 858 4834 sutoris
882 4777 974 4838 aliter
1000 4778 1120 4839 Kelech
1139 4780 1226 4858 dicti,
1252 4801 1268 4840 a
1295 4780 1502 4842 meridionali
1527 4794 1615 4862 parte
1633 4794 1664 4843 et

402 4866 533 4949 Georgii
557 4873 703 4936 similiter
727 4879 842 4940 sutoris
875 4881 1065 4944 Ztharibech
1092 4886 1326 4966 cognominati,
1359 4907 1376 4947 a
1409 4887 1662 4968 septemtrionali

400 4989 499 5053 parte,
525 4979 664 5041 mediam
690 4982 721 5042 in
747 4998 815 5047 toto
840 4988 959 5050 curiam
986 4990 1025 5050 ad
1052 5011 1145 5052 usum
1172 4992 1256 5054 dicte
1286 4993 1423 5056 civitatis
1448 4997 1478 5056 in
1504 5015 1538 5057 se
1564 4997 1661 5058 conti-
