3832 5804
412 590 475 634 210
962 571 1049 630 Anno
1071 565 1164 650 1461.

411 784 505 846 vinee
530 781 736 867 (utilitatibus
760 797 792 848 et
814 783 1033 868 pertinenciis)
1058 783 1164 846 eidem
1185 781 1315 864 Mathye
1337 783 1603 846 testamentaliter
1627 782 1670 846 le·

410 903 526 972 gasset,
550 889 625 952 ideo
642 909 701 952 nos
718 890 854 954 eandem
871 891 999 954 vineam
1018 909 1055 952 ex
1072 889 1226 973 premissa
1242 888 1410 970 legacione
1427 889 1534 952 eidem
1552 888 1672 952 Mathis

411 997 581 1061 statuimus
604 996 672 1080 jure
696 1011 853 1081 perpetuo
877 995 1117 1081 possidendam.
1146 999 1222 1072 (sic.)

518 1103 596 1166 Item
621 1103 710 1186 quod
734 1103 868 1187 provida
901 1105 1017 1168 mulier
1049 1101 1225 1186 Elyzabeth
1259 1115 1372 1165 vocata
1403 1103 1512 1166 relicta
1536 1103 1673 1166 condam

412 1210 543 1273 Thorne
566 1211 659 1274 aliter
684 1211 760 1274 Kws
776 1212 1009 1294 cognominati,
1033 1212 1112 1274 olim
1129 1209 1317 1272 habitatoris
1340 1209 1417 1272 ville
1434 1209 1599 1274 Cralewcz
1614 1211 1674 1272 sub

413 1331 515 1380 castro
549 1317 686 1398 Mcdwe,
718 1337 776 1380 nec
806 1338 870 1380 non
905 1319 1031 1380 Laczko
1065 1331 1096 1380 et
1127 1317 1239 1380 Petrus
1269 1314 1328 1379 filii
1361 1316 1505 1380 eiusdem
1537 1316 1674 1380 condam

413 1425 554 1504 Thome,
579 1425 611 1486 id
635 1425 822 1488 testimonio
846 1423 1011 1506 fidedigno
1036 1425 1297 1507 comprobarunt,
1322 1422 1411 1504 quod
1435 1422 1576 1505 prelatus
1600 1442 1675 1485 con·

413 1532 488 1593 darn
513 1530 659 1593 Thomas
683 1531 760 1593 Kws
783 1545 872 1614 pater
895 1530 1086 1593 eorumdem
1110 1530 1273 1612 quandam
1304 1530 1433 1592 vineam
1458 1529 1491 1592 in
1514 1529 1675 1592 territorio

414 1651 523 1700 nostro
548 1651 579 1699 et
603 1637 686 1699 dicte
711 1637 849 1699 civitatis
873 1656 909 1698 ac
933 1638 1016 1700 inter
1039 1637 1168 1698 vineam
1194 1636 1284 1698 Pauli
1310 1636 1413 1699 Fister
1437 1656 1454 1698 a
1478 1649 1567 1718 parte
1592 1635 1674 1698 occi-

414 1744 519 1806 dentis
536 1743 698 1806 mediante
715 1744 857 1826 quodam
875 1723 1006 1823 fossato,
1023 1763 1081 1806 nec
1105 1763 1170 1806 non
1189 1763 1206 1806 a
1223 1756 1311 1826 parte
1336 1743 1540 1806 meridionali
1557 1757 1673 1807 terram

412 1849 632 1929 sessionalem,
657 1869 754 1932 quam
772 1869 857 1912 nunc
880 1850 1071 1912 Valentinus
1089 1847 1282 1933 Drwginych
1305 1849 1408 1912 dictus
1424 1849 1464 1910 de
1488 1849 1573 1912 dicta
1599 1849 1675 1913 Cra·

413 1957 514 2020 lewcz
527 1971 690 2036 tenetur,a
704 1971 791 2040 parte
806 1957 952 2019 orientali
966 1971 1080 2019 terram
1096 1958 1250 2019 arabilem
1263 1955 1399 2039 predicti
1411 1957 1502 2020 castri
1516 1957 1675 2036 Medwed,

415 2082 512 2146 quarn
531 2083 615 2125 nunc
632 2062 764 2145 quidam
779 2062 920 2146 Gywrelr
937 2062 1102 2146 Jagodycb
1120 2063 1159 2125 de
1178 2063 1260 2125 dicta
1279 2062 1443 2126 Cralewcz
1459 2076 1593 2142 teneret,
1611 2083 1676 2125 me·

414 2171 523 2232 diante
541 2170 680 2252 quadam
705 2169 756 2231 via
780 2170 862 2232 inter
886 2170 986 2253 ipsam
1012 2171 1139 2232 vincam
1163 2183 1195 2232 et
1218 2170 1335 2232 dictam
1369 2183 1483 2232 terram
1509 2169 1675 2248 arabilem,

415 2296 512 2360 quam
530 2277 597 2358 ipse
615 2275 754 2359 Gywrelt
771 2275 958 2358 possideret,
983 2296 1055 2340 cum
1072 2296 1186 2339 securo
1202 2276 1291 2338 aditu
1315 2289 1346 2337 et
1362 2275 1507 2357 ingressu
1531 2275 1674 2338 eiusdem

415 2385 466 2446 vie
476 2384 557 2445 circa
571 2383 706 2444 eandem
720 2383 847 2444 vineam
861 2383 973 2445 eteius
990 2382 1186 2461 koucham,a
1205 2382 1341 2444 condam
1354 2383 1454 2444 Paulo
1468 2381 1536 2444 filio
1551 2383 1678 2444 Nicolai

416 2489 472 2552 filii
499 2489 620 2550 Mareni
646 2489 723 2550 olim
748 2487 921 2570 jobagione
946 2489 985 2549 de
1009 2488 1093 2550 dicta
1112 2487 1277 2550 Cralewcz
1302 2508 1360 2572 pro
1377 2509 1431 2550 ser
1453 2488 1521 2552 flor.
1547 2489 1675 2552 emisset

416 2611 447 2658 et
471 2609 695 2678 comparasset,
720 2613 817 2675 quam
843 2594 967 2656 vineam
994 2594 1060 2678 ipse
1085 2593 1222 2656 condam
1240 2594 1387 2657 Thomas
1410 2609 1442 2658 et
1458 2593 1516 2657 filii
1540 2596 1590 2657 sui
1607 2615 1676 2678 pre·

417 2701 493 2764 dicti
518 2713 590 2783 post
626 2713 762 2762 mortem
796 2700 896 2781 ipsius
927 2700 1063 2762 condam
1099 2700 1190 2762 Pauli
1223 2713 1254 2762 et
1285 2701 1420 2783 predicti
1451 2700 1509 2762 filii
1534 2701 1582 2763 sui
1608 2715 1679 2784 post

416 2821 552 2870 mortem
572 2807 670 2888 ipsius
688 2805 816 2866 Thome
833 2806 969 2870 eandem
987 2807 1113 2868 vineam
1131 2820 1303 2870 tenuerunt
1319 2821 1351 2870 et
1366 2807 1571 2891 possiderunt
1588 2807 1678 2870 nullo

417 2913 651 2976 contradictore
668 2925 852 2995 apparente,
876 2913 950 2975 ideo
967 2932 1026 2975 nos
1046 2913 1181 2976 eandem
1199 2914 1325 2976 vineam
1343 2915 1464 2976 eisdem
1489 2914 1677 2997 supradictis

417 3019 586 3082 statuimus
609 3033 641 3080 et
664 3017 925 3080 confirmavimus
941 3033 1096 3102 perpetuo
1120 3020 1359 3103 possidendam.

524 3125 602 3186 Item
628 3125 716 3206 quod
749 3125 903 3207 providus
926 3124 1110 3188 Anthonius
1134 3125 1324 3212 Oprasnych
1356 3127 1481 3210 pridem
1505 3127 1627 3210 juratus
1650 3141 1681 3190 et

419 3231 560 3294 concivis
585 3245 691 3292 noster
715 3245 865 3294 executor
888 3232 1070 3294 testamenti
1100 3232 1236 3296 condam
1256 3233 1391 3315 provide
1416 3233 1564 3295 mulieris
1583 3235 1681 3296 Lucia

418 3351 531 3399 vocate
556 3337 664 3398 relicte
689 3338 826 3398 condam
852 3337 1018 3416 Johannis,
1042 3338 1121 3399 olim
1140 3339 1282 3400 concivis
1310 3355 1428 3418 nostre,
1453 3339 1617 3422 quandam
1634 3355 1681 3402 to·

418 3443 516 3506 talem
541 3443 675 3505 domum
700 3443 799 3525 ipsius
831 3444 969 3506 condam
999 3444 1097 3506 Lucie
1128 3444 1272 3507 mulieris
1304 3446 1445 3526 ligneam
1477 3445 1573 3507 simul
1609 3465 1680 3507 cum

420 3549 520 3610 fundo
545 3563 576 3611 et
600 3548 733 3611 edificiis
758 3551 789 3611 in
813 3552 897 3612 dicta
914 3551 1041 3612 civitate
1066 3551 1147 3612 inter
1171 3550 1287 3612 domos
1304 3570 1340 3612 ac
1359 3549 1477 3612 fundos
1501 3565 1532 3613 et
1557 3550 1681 3613 edificia

420 3655 548 3718 discreti
573 3657 632 3718 viri
657 3657 781 3718 domini
806 3657 969 3718 Valentini
994 3657 1124 3738 plebani
1149 3657 1189 3718 de
1207 3657 1416 3739 Jampnycza,
1441 3659 1480 3718 ab
1505 3677 1569 3718 una
1593 3657 1680 3719 vide-

420 3760 494 3822 licet
519 3781 536 3822 a
561 3761 766 3824 meridionali
797 3777 897 3846 parte,
921 3783 956 3824 ac
990 3763 1071 3824 inter
1097 3761 1244 3840 fundum,
1276 3763 1477 3844 domumque
1502 3775 1533 3825 et
1557 3762 1681 3826 edificia

420 3867 555 3947 provide
587 3867 730 3929 mulieris
755 3868 853 3930 Lucia
886 3869 1032 3930 similiter
1064 3881 1175 3930 vocate
1207 3869 1315 3930 relicte
1348 3869 1486 3931 condam
1518 3869 1681 3932 Valentini

420 3974 561 4054 Mongak
586 3987 768 4036 nostrorum
793 3975 940 4036 similiter
971 3975 1166 4054 concivium,
1199 3977 1239 4037 ab
1264 3976 1362 4038 altera
1395 3976 1548 4039 videlicet
1571 3997 1588 4039 a
1611 3997 1681 4060 sep·

418 4080 614 4141 temtrionali
640 4094 728 4162 parte
752 4080 905 4160 habitam,
929 4082 1063 4164 provide
1097 4083 1224 4144 mulieri
1250 4083 1454 4164 Margaretha
1479 4097 1593 4146 vocate
1617 4083 1681 4146 filie

421 4185 510 4246 Pauli
530 4185 568 4246 de
587 4187 757 4249 Nouoloco
781 4207 881 4270 prope
899 4187 1162 4273 Kozthanyczam
1179 4209 1237 4271 pro
1253 4190 1355 4251 tribus
1372 4189 1441 4252 flor.
1461 4190 1531 4251 nuri
1556 4189 1681 4272 (vendi-

421 4289 528 4369 disset)
545 4289 631 4370 juxta
646 4291 882 4352 continenciam
897 4292 1033 4354 civitatis
1045 4292 1167 4376 prefate
1184 4293 1252 4375 jure
1271 4307 1427 4378 perpetuo
1441 4295 1680 4376 possidendam,

420 4414 514 4476 super
531 4415 596 4477 quo
620 4397 710 4458 litera
735 4399 976 4460 communitatis
1000 4401 1106 4462 existit
1130 4416 1286 4464 emanata.

526 4501 601 4564 ltem
627 4503 716 4585 quod
740 4505 895 4586 providus
920 4506 1095 4590 Dyonisius
1112 4523 1213 4569 sartor
1237 4507 1322 4569 filius
1350 4507 1485 4591 Georgii
1510 4509 1617 4571 senior
1633 4509 1679 4589 ju·

421 4617 507 4666 ratus
526 4620 556 4667 et
572 4609 712 4669 concivis
728 4624 836 4672 noster
860 4611 899 4672 ad
917 4627 1057 4676 nostram
1082 4613 1295 4696 personaliter
1312 4628 1382 4694 etc,
1408 4629 1444 4677 ut
1467 4615 1535 4697 ipsc
1560 4616 1679 4678 medie·

420 4723 518 4770 tatem
542 4713 707 4775 cuiusdam
732 4715 849 4778 domus
880 4737 937 4780 sue
967 4719 1074 4800 lignee
1107 4734 1137 4781 et
1167 4718 1259 4782 fundi
1285 4735 1316 4783 et
1349 4721 1459 4783 celarii
1482 4721 1681 4784 subterranei

422 4815 526 4876 eidem
552 4817 663 4880 domui
687 4821 880 4902 subjacentis
903 4844 958 4886 seu
984 4825 1016 4886 in
1041 4825 1157 4886 eodem
1171 4825 1273 4888 fundo
1298 4825 1415 4906 effossi,
1441 4847 1499 4889 nec
1525 4847 1589 4889 non
1615 4827 1682 4890 edi·

422 4917 567 4982 ficiorum
592 4924 623 4984 in
649 4925 732 4987 dicta
757 4929 883 4990 civitate
909 4931 991 4992 inter
1020 4931 1194 5013 pallacium
1227 4953 1283 4994 seu
1307 4933 1442 4996 domum
1468 4947 1628 4996 muratam
1653 4947 1683 4995 et

421 5021 556 5088 fundum
589 5043 620 5090 et
651 5030 775 5093 edificia
807 5036 949 5098 virorum
982 5038 1128 5100 similiter
1159 5037 1371 5122 providorum
1409 5053 1440 5104 et
1473 5039 1680 5104 honestorum
