3832 5804
796 585 882 642 Απηο
904 579 998 662 1460.
1471 607 1529 670 197

372 793 448 854 ltem
473 794 549 875 quia
575 793 713 855 Barbara
731 792 796 856 filia
820 794 957 856 condam
984 841 1044 858 ...
1069 795 1144 856 dicti
1169 795 1391 876 Wrecharich,
1415 799 1525 860 relicta

265 902 402 962 condam
427 901 583 963 lobannis
608 947 704 979 ....,
731 922 767 962 ac
798 902 928 963 tandem
959 921 1038 963 uxor
1070 903 1226 984 legittima
1252 904 1376 966 Nicolai
1401 907 1529 986 sutoris,

265 1007 341 1068 dum
358 1008 391 1068 in
415 1007 564 1068 extremis
588 1007 653 1070 vite
676 1027 733 1069 sue
757 1008 944 1090 temporalis
967 1009 1152 1087 laborasset,
1180 1021 1258 1070 tunc
1274 1009 1341 1091 ipsa
1368 1011 1525 1092 quasdam

264 1130 327 1178 tres
350 1116 568 1196 possessiones
591 1135 665 1177 suas
689 1113 915 1196 infrascriptae,
948 1115 1099 1176 videlicet
1127 1115 1332 1176 medietatem
1358 1115 1525 1180 cuiusdam

265 1223 381 1284 domus
405 1235 436 1285 et
460 1219 552 1282 fundi
577 1241 613 1282 ac
638 1219 839 1283 edificiorum
864 1235 895 1282 et
920 1221 1027 1282 celarii
1060 1221 1259 1282 subterranei
1285 1221 1316 1282 in
1342 1222 1425 1283 dicta
1451 1223 1526 1284 civi·

263 1342 326 1390 tate
352 1329 433 1390 inter
466 1328 583 1389 domos
615 1327 748 1389 domine
781 1327 981 1408 Margaretbe
1015 1326 1173 1388 consortis
1204 1327 1362 1407 legittime
1395 1327 1527 1392 Acbacii

264 1435 406 1497 concivis
430 1435 541 1512 nostri,
565 1435 605 1496 ab
630 1433 822 1496 occidentali
848 1447 948 1515 parte,
974 1447 1004 1494 et
1029 1432 1197 1515 hospitalis
1221 1433 1320 1494 nostri
1346 1436 1528 1496 communis

265 1544 305 1603 ab
329 1541 477 1603 orientali
503 1553 591 1624 parte
616 1539 723 1602 habite
741 1554 772 1602 et
788 1539 962 1618 existentis,
988 1558 1085 1600 unam
1100 1551 1244 1620 quartam
1264 1540 1350 1600 curie
1375 1540 1414 1600 ad
1432 1559 1526 1602 usum

264 1647 401 1710 civitatis
425 1647 457 1708 in
481 1667 513 1707 se
532 1647 773 1724 continentem;
792 1645 866 1707 item
886 1646 986 1706 eciam
1012 1645 1164 1707 directam
1183 1659 1213 1708 et
1237 1631 1387 1727 equalem
1407 1646 1525 1708 medie·

263 1767 359 1815 tatem
386 1751 552 1814 cuiusdam
578 1752 672 1814 vinee
697 1753 729 1812 in
753 1751 916 1814 territorio
940 1765 1050 1813 nostro
1082 1751 1164 1812 inter
1188 1751 1315 1812 vineam
1341 1771 1426 1812 nunc
1450 1771 1524 1834 pro-

263 1858 337 1920 vide
361 1857 505 1920 mulieris
531 1857 632 1918 Elene
656 1857 747 1919 aliter
777 1857 871 1918 Kwsa
904 1871 1015 1919 vocate
1040 1856 1151 1918 relicte
1183 1855 1321 1918 condam
1347 1855 1526 1920 Clementis

263 1965 389 2042 sutoris,
414 1966 453 2025 ab
478 1963 657 2042 occidente,
682 1983 699 2024 a
724 1963 818 2046 plaga
836 1962 1038 2024 meridionali
1065 1963 1146 2024 inter
1164 1963 1289 2024 vineam
1309 1962 1406 2023 Blasii
1430 1962 1523 2042 jurati

263 2070 447 2153 Vytesichiu
463 2070 550 2146 dicti,
575 2091 592 2131 a
617 2071 711 2152 plaga
735 2069 989 2153 septemtrionali
1008 2069 1115 2130 habite
1139 2082 1170 2131 et
1193 2070 1319 2148 situate,
1345 2069 1481 2151 desuper
1506 2089 1522 2130 a

262 2177 313 2237 via
336 2176 501 2238 communi
525 2177 565 2238 ab
589 2175 756 2238 occidente
781 2175 888 2238 habita
913 2195 985 2237 cum
1007 2176 1116 2257 spacio
1139 2195 1195 2238 seu
1220 2175 1293 2237 loco
1317 2189 1399 2240 terre
1423 2195 1523 2238 vacue

261 2301 297 2343 ac
322 2301 394 2344 cum
420 2281 544 2343 boucha
569 2282 601 2342 in
627 2283 744 2344 eodem
761 2281 833 2344 loco
858 2301 914 2343 seu
938 2283 1047 2363 spacio
1063 2302 1158 2364 supra
1182 2281 1318 2343 eandem
1342 2283 1382 2343 ab
1406 2282 1522 2344 eodem

259 2390 382 2450 oriente
406 2387 532 2467 habitis,
557 2403 587 2450 et
611 2388 692 2450 infra
714 2407 815 2470 usque
848 2389 988 2450 rivulum
1020 2390 1059 2450 ab
1092 2387 1259 2450 occidente
1284 2388 1518 2468 decurrentem,

262 2495 358 2556 simul
383 2514 456 2556 cum
481 2494 621 2575 virgulto
653 2494 758 2556 eidem
789 2495 883 2556 vinee
915 2515 947 2555 se
981 2494 1224 2571 extendentem3
1257 2495 1332 2556 item
1358 2495 1521 2577 quandam

260 2602 388 2663 vineam
413 2621 504 2662 suam
529 2602 561 2662 in
585 2601 747 2663 territorio
772 2616 882 2663 nostro
906 2622 962 2663 seu
979 2601 1116 2663 civitatis
1142 2600 1262 2683 prefate
1287 2601 1370 2663 inter
1394 2601 1522 2664 vineam

262 2706 395 2788 Georgii
412 2707 528 2768 sutoris
544 2705 602 2768 filii
627 2707 765 2769 condam
791 2707 929 2769 Emerici
955 2707 1152 2769 Redoualicb
1178 2707 1254 2769 dicti
1279 2709 1319 2769 ab
1344 2727 1406 2769 una
1431 2709 1521 2770 vide-

259 2813 334 2875 licet
358 2833 375 2873 a
399 2813 653 2895 septemtrionali
671 2827 772 2896 parte,
797 2827 828 2876 et
849 2814 983 2896 provide
1000 2814 1147 2875 similiter
1164 2827 1195 2875 et
1218 2813 1352 2876 honeste
1377 2814 1522 2876 mulieris

259 2921 394 3001 Agnetis
417 2933 529 2981 vocate
554 2921 663 2982 relicte
687 2919 825 2981 condam
851 2920 1030 2982 Clementis
1062 2921 1216 2982 institoris
1251 2941 1336 2982 nunc
1361 2921 1520 2982 consortis

259 3025 415 3106 legittime
442 3025 604 3088 Dominici
622 3027 762 3104 sartoris,
779 3046 796 3087 a
814 3026 1019 3089 meridionali
1036 3041 1125 3109 parte
1148 3027 1241 3088 sitam
1266 3041 1296 3088 et
1320 3028 1520 3106 existentem,

260 3132 398 3213 desuper
421 3153 437 3194 a
462 3133 514 3193 via
538 3133 704 3193 communi
729 3135 769 3194 ab
794 3135 916 3194 oriente
950 3133 1058 3195 habita
1083 3147 1113 3195 et
1138 3133 1219 3195 infra
1244 3133 1410 3216 usquead
1435 3134 1539 3196 rivu-·

259 3238 325 3299 lum
351 3241 391 3300 ab
416 3239 582 3300 occidente
607 3240 806 3318 existentem,
830 3240 927 3301 simul
951 3259 1022 3301 cum
1049 3240 1190 3321 virgulto
1207 3241 1312 3302 eidem
1337 3241 1430 3303 vinee
1446 3243 1520 3302 sub·

258 3343 374 3424 jacenti
398 3364 432 3406 se
457 3345 695 3424 extendentem,
727 3344 852 3428 prefato
876 3345 1013 3408 Nicolao
1037 3347 1137 3408 sutori
1170 3347 1239 3408 viro
1263 3367 1322 3408 suo
1346 3347 1466 3429 legavit
1489 3361 1519 3410 et

257 3450 300 3510 ob
324 3448 384 3511 hoc
409 3471 444 3512 ac
468 3451 640 3533 superinde
665 3451 756 3514 litera
784 3467 891 3514 nostra
919 3452 1128 3534 privilegialis
1151 3455 1210 3514 sub
1232 3453 1382 3534 pendenti
1412 3454 1519 3534 sigillo

258 3569 304 3616 est
330 3554 435 3617 eidem
460 3570 617 3620 emanata.

364 3661 441 3724 Item
468 3663 569 3724 Elena
594 3664 709 3726 mulier
748 3663 857 3726 relicta
891 3665 1029 3727 condam
1054 3666 1215 3748 Zaykonis
1246 3665 1398 3747 lutifiguli
1433 3685 1518 3728 nunc

257 3787 391 3830 consors
414 3769 570 3850 legittima
594 3769 750 3832 lobannis
775 3771 901 3849 literati,
918 3771 1080 3854 quandam
1105 3785 1223 3833 terram
1248 3791 1338 3834 suam
1362 3773 1517 3834 arabilem

238 3875 287 3952 ,in
312 3876 474 3938 territorio
491 3891 601 3938 nostro
619 3891 704 3938 extra
722 3878 847 3938 Novam
863 3893 986 3959 portam
998 3879 1079 3940 ultra
1097 3879 1265 3940 ecclesiam
1283 3879 1366 3940 beati
1385 3879 1517 3960 Georgii

255 3982 393 4044 martiris
418 4001 518 4064 prope
542 3983 728 4044 molendina
746 3983 827 4045 inter
845 3983 924 4045 duas
943 3985 1008 4045 vias
1031 4003 1221 4046 communes
1238 3985 1379 4047 habitam
1405 3999 1436 4048 et
1452 3987 1516 4048 exi·

254 4102 400 4167 stentem,
425 4088 505 4150 duas
529 4102 563 4151 ut
587 4089 704 4151 dicitur
729 4089 828 4151 dietas
862 4103 943 4152 terre
968 4091 999 4152 in
1025 4111 1057 4152 se
1090 4093 1322 4171 continentem,
1348 4093 1516 4156 Anthonio

255 4193 322 4256 filio
348 4193 481 4276 Georgii
506 4195 717 4281 Opprasnych
743 4197 902 4258 moderno
926 4196 1030 4278 jurato
1054 4210 1085 4259 et
1114 4199 1239 4260 concivi
1264 4212 1374 4260 nostro
1399 4219 1436 4260 ac
1460 4219 1517 4280 per

255 4320 328 4362 eum
352 4303 418 4362 suis
444 4302 616 4364 heredibus
640 4323 698 4385 pro
722 4323 838 4365 novem
864 4302 934 4366 flor.
959 4306 1028 4366 auri
1053 4305 1198 4368 vendidit
1222 4319 1253 4366 et
1280 4305 1452 4386 superinde
1478 4307 1516 4366 li·

254 4419 320 4468 tera
346 4422 453 4470 nostra
486 4409 696 4491 privilegialis
719 4412 778 4472 sub
811 4411 964 4493 pendenti
997 4411 1104 4492 sigillo
1137 4426 1244 4474 nostre
1277 4414 1516 4475 communitatis

256 4527 302 4574 est
325 4513 386 4575 sibi
410 4528 567 4578 emanata.

361 4619 438 4681 ltem
462 4621 617 4700 magister
646 4623 807 4683 Fabianus
839 4625 1013 4685 canonicus
1043 4625 1174 4687 ecclesie
1206 4626 1305 4687 sancti
1338 4627 1422 4708 regis
1447 4627 1515 4689 Ste-

255 4725 363 4804 phani,
386 4727 612 4808 zagrabiensis,
637 4729 876 4791 commissarius
901 4731 1005 4793 ultimi
1038 4733 1219 4794 testamenti
1241 4734 1349 4815 scripti
1374 4734 1514 4794 Ladislai

254 4831 367 4893 literati
387 4832 443 4894 filii
461 4833 597 4895 condam
620 4835 786 4896 Michaelis
803 4837 842 4898 de
862 4837 1020 4899 Drenowa
1038 4839 1183 4899 vendidit
1200 4839 1362 4920 quandam
1381 4840 1513 4900 domum

253 4957 342 4999 suam
356 4953 419 5000 tam
433 4939 572 5020 ligneam
587 4961 684 5022 quam
695 4957 852 5005 muratam
864 4943 975 5024 prelati
987 4945 1123 5006 condam
1140 4946 1277 5006 Ladislai
1292 4945 1407 5006 literati
1419 4966 1515 5028 penes

255 5062 383 5106 murum
408 5045 550 5108 eiusdem
569 5048 705 5111 civitatis
722 5049 804 5110 inter
829 5050 943 5112 domos
961 5063 991 5113 et
1008 5051 1111 5113 curias
1134 5071 1190 5113 seu
1208 5051 1325 5114 fundos
1350 5051 1516 5114 Michaelis
