<?xml version="1.0" encoding="UTF-8"?>
<!DOCTYPE html PUBLIC "-//W3C//DTD XHTML 1.0 Transitional//EN"
    "http://www.w3.org/TR/xhtml1/DTD/xhtml1-transitional.dtd">
<html xmlns="http://www.w3.org/1999/xhtml" xml:lang="en" lang="en">
 <head>
  <title>
</title>
<meta http-equiv="Content-Type" content="text/html;charset=utf-8" />
  <meta name='ocr-system' content='tesseract 3.04.00' />
  <meta name='ocr-capabilities' content='ocr_page ocr_carea ocr_par ocr_line ocrx_word'/>
</head>
<body>
  <div class='ocr_page' id='page_1' title='image "./monumentahistor21laszgoog_0323.png"; bbox 0 0 3854 5798; ppageno 0'>
   <div class='ocr_carea' id='block_1_1' title="bbox 812 515 1546 596">
    <p class='ocr_par' dir='ltr' id='par_1_1' title="bbox 812 515 1546 596">
     <span class='ocr_line' id='line_1_1' title="bbox 812 515 1546 596; baseline 0.005 -24"><span class='ocrx_word' id='word_1_1' title='bbox 812 515 900 572; x_wconf 78' lang='lat' dir='ltr'>Anno</span> <span class='ocrx_word' id='word_1_2' title='bbox 922 524 1013 592; x_wconf 76' lang='lat'><em>1470.</em></span> <span class='ocrx_word' id='word_1_3' title='bbox 1484 534 1546 596; x_wconf 88' lang='lat'>279</span> 
     </span>
    </p>
   </div>
   <div class='ocr_carea' id='block_1_2' title="bbox 219 723 1548 5067">
    <p class='ocr_par' dir='ltr' id='par_1_2' title="bbox 219 723 1548 1873">
     <span class='ocr_line' id='line_1_2' title="bbox 283 723 1544 806; baseline 0 -21"><span class='ocrx_word' id='word_1_4' title='bbox 283 723 467 786; x_wconf 83' lang='lat' dir='ltr'>Anthonius</span> <span class='ocrx_word' id='word_1_5' title='bbox 490 723 576 787; x_wconf 89' lang='lat' dir='ltr'>filius</span> <span class='ocrx_word' id='word_1_6' title='bbox 601 724 729 787; x_wconf 92' lang='lat' dir='ltr'>Thome</span> <span class='ocrx_word' id='word_1_7' title='bbox 753 723 901 785; x_wconf 92' lang='lat' dir='ltr'>similiter</span> <span class='ocrx_word' id='word_1_8' title='bbox 924 725 1031 786; x_wconf 88' lang='lat' dir='ltr'>senior</span> <span class='ocrx_word' id='word_1_9' title='bbox 1058 725 1154 806; x_wconf 89' lang='lat' dir='ltr'>judex</span> <span class='ocrx_word' id='word_1_10' title='bbox 1179 739 1209 787; x_wconf 90' lang='lat' dir='ltr'>et</span> <span class='ocrx_word' id='word_1_11' title='bbox 1234 725 1379 787; x_wconf 79' lang='lat' dir='ltr'>Thomas</span> <span class='ocrx_word' id='word_1_12' title='bbox 1403 725 1544 787; x_wconf 87' lang='lat' dir='ltr'>Bradacz</span> 
     </span>
     <span class='ocr_line' id='line_1_3' title="bbox 285 829 1547 914; baseline 0.001 -23"><span class='ocrx_word' id='word_1_13' title='bbox 285 844 472 892; x_wconf 82' lang='lat' dir='ltr'>executores</span> <span class='ocrx_word' id='word_1_14' title='bbox 495 831 678 892; x_wconf 80' lang='lat' dir='ltr'>testamenti</span> <span class='ocrx_word' id='word_1_15' title='bbox 704 831 763 891; x_wconf 92' lang='lat' dir='ltr'>viri</span> <span class='ocrx_word' id='word_1_16' title='bbox 795 829 933 892; x_wconf 91' lang='lat' dir='ltr'>condam</span> <span class='ocrx_word' id='word_1_17' title='bbox 966 831 1093 913; x_wconf 87' lang='lat' dir='ltr'>providi</span> <span class='ocrx_word' id='word_1_18' title='bbox 1119 832 1248 894; x_wconf 86' lang='lat' dir='ltr'>Martini</span> <span class='ocrx_word' id='word_1_19' title='bbox 1273 832 1352 894; x_wconf 91' lang='lat' dir='ltr'>olim</span> <span class='ocrx_word' id='word_1_20' title='bbox 1376 831 1492 914; x_wconf 90' lang='lat' dir='ltr'>judicis</span> <span class='ocrx_word' id='word_1_21' title='bbox 1516 845 1547 892; x_wconf 95' lang='lat' dir='ltr'>et</span> 
     </span>
     <span class='ocr_line' id='line_1_4' title="bbox 282 935 1545 1014; baseline 0.002 -17"><span class='ocrx_word' id='word_1_22' title='bbox 282 935 359 997; x_wconf 92' lang='lat' dir='ltr'>civis</span> <span class='ocrx_word' id='word_1_23' title='bbox 383 936 467 998; x_wconf 88' lang='lat' dir='ltr'>dicte</span> <span class='ocrx_word' id='word_1_24' title='bbox 484 936 620 998; x_wconf 90' lang='lat' dir='ltr'>civitatis</span> <span class='ocrx_word' id='word_1_25' title='bbox 644 935 702 998; x_wconf 87' lang='lat' dir='ltr'>lilii</span> <span class='ocrx_word' id='word_1_26' title='bbox 721 935 861 1014; x_wconf 90' lang='lat' dir='ltr'>Thome,</span> <span class='ocrx_word' id='word_1_27' title='bbox 878 937 1094 998; x_wconf 89' lang='lat' dir='ltr'>vendiderunt</span> <span class='ocrx_word' id='word_1_28' title='bbox 1110 937 1207 1000; x_wconf 89' lang='lat' dir='ltr'>aliam</span> <span class='ocrx_word' id='word_1_29' title='bbox 1230 939 1435 1001; x_wconf 83' lang='lat' dir='ltr'>medietatem</span> <span class='ocrx_word' id='word_1_30' title='bbox 1462 939 1545 1000; x_wconf 92' lang='lat' dir='ltr'>dicte</span> 
     </span>
     <span class='ocr_line' id='line_1_5' title="bbox 282 1041 1546 1125; baseline 0.002 -22"><span class='ocrx_word' id='word_1_31' title='bbox 282 1041 399 1104; x_wconf 91' lang='lat' dir='ltr'>domus</span> <span class='ocrx_word' id='word_1_32' title='bbox 423 1041 484 1104; x_wconf 92' lang='lat' dir='ltr'>hoc</span> <span class='ocrx_word' id='word_1_33' title='bbox 508 1056 556 1105; x_wconf 92' lang='lat' dir='ltr'>est</span> <span class='ocrx_word' id='word_1_34' title='bbox 572 1043 771 1125; x_wconf 89' lang='lat' dir='ltr'>superiorem</span> <span class='ocrx_word' id='word_1_35' title='bbox 789 1042 993 1105; x_wconf 86' lang='lat' dir='ltr'>medietatem</span> <span class='ocrx_word' id='word_1_36' title='bbox 1012 1043 1128 1106; x_wconf 89' lang='lat' dir='ltr'>domus</span> <span class='ocrx_word' id='word_1_37' title='bbox 1145 1059 1269 1108; x_wconf 78' lang='lat' dir='ltr'>murata</span> <span class='ocrx_word' id='word_1_38' title='bbox 1294 1066 1352 1108; x_wconf 91' lang='lat' dir='ltr'>nec</span> <span class='ocrx_word' id='word_1_39' title='bbox 1376 1066 1441 1108; x_wconf 92' lang='lat' dir='ltr'>non</span> <span class='ocrx_word' id='word_1_40' title='bbox 1466 1047 1546 1108; x_wconf 88' lang='lat' dir='ltr'>duas</span> 
     </span>
     <span class='ocr_line' id='line_1_6' title="bbox 219 1150 1545 1228; baseline 0.003 -17"><span class='ocrx_word' id='word_1_41' title='bbox 219 1153 221 1158; x_wconf 86' lang='grc'><strong>’</strong></span> <span class='ocrx_word' id='word_1_42' title='bbox 283 1150 442 1212; x_wconf 82' lang='lat' dir='ltr'>stationes</span> <span class='ocrx_word' id='word_1_43' title='bbox 466 1150 614 1212; x_wconf 89' lang='lat' dir='ltr'>similiter</span> <span class='ocrx_word' id='word_1_44' title='bbox 645 1163 796 1228; x_wconf 90' lang='lat' dir='ltr'>muratas,</span> <span class='ocrx_word' id='word_1_45' title='bbox 828 1170 888 1210; x_wconf 91' lang='lat' dir='ltr'>nec</span> <span class='ocrx_word' id='word_1_46' title='bbox 920 1170 985 1211; x_wconf 92' lang='lat' dir='ltr'>non</span> <span class='ocrx_word' id='word_1_47' title='bbox 1017 1151 1222 1214; x_wconf 89' lang='lat' dir='ltr'>medietatem</span> <span class='ocrx_word' id='word_1_48' title='bbox 1258 1153 1365 1215; x_wconf 91' lang='lat' dir='ltr'>celarii</span> <span class='ocrx_word' id='word_1_49' title='bbox 1397 1153 1545 1215; x_wconf 88' lang='lat' dir='ltr'>similiter</span> 
     </span>
     <span class='ocr_line' id='line_1_7' title="bbox 282 1256 1545 1341; baseline 0.002 -23"><span class='ocrx_word' id='word_1_50' title='bbox 282 1257 397 1319; x_wconf 93' lang='lat' dir='ltr'>murati</span> <span class='ocrx_word' id='word_1_51' title='bbox 420 1276 456 1318; x_wconf 93' lang='lat' dir='ltr'>ac</span> <span class='ocrx_word' id='word_1_52' title='bbox 481 1257 652 1319; x_wconf 81' lang='lat' dir='ltr'>cisternam</span> <span class='ocrx_word' id='word_1_53' title='bbox 676 1256 822 1318; x_wconf 92' lang='lat' dir='ltr'>similiter</span> <span class='ocrx_word' id='word_1_54' title='bbox 847 1269 1003 1318; x_wconf 91' lang='lat' dir='ltr'>muratam</span> <span class='ocrx_word' id='word_1_55' title='bbox 1021 1277 1122 1340; x_wconf 90' lang='lat' dir='ltr'>prope</span> <span class='ocrx_word' id='word_1_56' title='bbox 1143 1278 1245 1341; x_wconf 91' lang='lat' dir='ltr'>penus</span> <span class='ocrx_word' id='word_1_57' title='bbox 1268 1259 1412 1321; x_wconf 90' lang='lat' dir='ltr'>eiusdem</span> <span class='ocrx_word' id='word_1_58' title='bbox 1438 1260 1545 1321; x_wconf 90' lang='lat' dir='ltr'>celarii</span> 
     </span>
     <span class='ocr_line' id='line_1_8' title="bbox 281 1362 1543 1447; baseline 0.004 -24"><span class='ocrx_word' id='word_1_59' title='bbox 281 1362 434 1441; x_wconf 86' lang='lat' dir='ltr'>habitam,</span> <span class='ocrx_word' id='word_1_60' title='bbox 459 1362 580 1424; x_wconf 89' lang='lat' dir='ltr'>eisdem</span> <span class='ocrx_word' id='word_1_61' title='bbox 606 1363 831 1425; x_wconf 84' lang='lat' dir='ltr'>executoribus</span> <span class='ocrx_word' id='word_1_62' title='bbox 864 1363 959 1424; x_wconf 90' lang='lat' dir='ltr'>vendi</span> <span class='ocrx_word' id='word_1_63' title='bbox 985 1365 1190 1427; x_wconf 83' lang='lat' dir='ltr'>commissam</span> <span class='ocrx_word' id='word_1_64' title='bbox 1224 1381 1255 1427; x_wconf 94' lang='lat' dir='ltr'>et</span> <span class='ocrx_word' id='word_1_65' title='bbox 1278 1365 1449 1447; x_wconf 88' lang='lat' dir='ltr'>pecuniam</span> <span class='ocrx_word' id='word_1_66' title='bbox 1474 1385 1543 1447; x_wconf 89' lang='lat' dir='ltr'>pre·</span> 
     </span>
     <span class='ocr_line' id='line_1_9' title="bbox 281 1468 1545 1552; baseline 0.001 -21"><span class='ocrx_word' id='word_1_67' title='bbox 281 1468 443 1531; x_wconf 89' lang='lat' dir='ltr'>bendariis</span> <span class='ocrx_word' id='word_1_68' title='bbox 468 1468 730 1550; x_wconf 75' lang='lat' dir='ltr'>zagrabiensibus</span> <span class='ocrx_word' id='word_1_69' title='bbox 755 1468 822 1530; x_wconf 87' lang='lat' dir='ltr'>dari</span> <span class='ocrx_word' id='word_1_70' title='bbox 855 1469 1071 1549; x_wconf 82' lang='lat' dir='ltr'>commissam,</span> <span class='ocrx_word' id='word_1_71' title='bbox 1105 1490 1203 1552; x_wconf 88' lang='lat' dir='ltr'>quarn</span> <span class='ocrx_word' id='word_1_72' title='bbox 1236 1471 1333 1532; x_wconf 89' lang='lat' dir='ltr'>iidem</span> <span class='ocrx_word' id='word_1_73' title='bbox 1360 1485 1545 1534; x_wconf 82' lang='lat' dir='ltr'>executores</span> 
     </span>
     <span class='ocr_line' id='line_1_10' title="bbox 283 1573 1544 1660; baseline 0.003 -25"><span class='ocrx_word' id='word_1_74' title='bbox 283 1593 342 1656; x_wconf 94' lang='lat' dir='ltr'>pro</span> <span class='ocrx_word' id='word_1_75' title='bbox 366 1574 480 1656; x_wconf 81' lang='lat' dir='ltr'>viginti</span> <span class='ocrx_word' id='word_1_76' title='bbox 505 1575 650 1657; x_wconf 92' lang='lat' dir='ltr'>quinque</span> <span class='ocrx_word' id='word_1_77' title='bbox 675 1573 744 1636; x_wconf 91' lang='lat' dir='ltr'>flor.</span> <span class='ocrx_word' id='word_1_78' title='bbox 769 1575 838 1636; x_wconf 91' lang='lat' dir='ltr'>auri</span> <span class='ocrx_word' id='word_1_79' title='bbox 863 1575 902 1637; x_wconf 91' lang='lat' dir='ltr'>de</span> <span class='ocrx_word' id='word_1_80' title='bbox 927 1595 1085 1637; x_wconf 91' lang='lat' dir='ltr'>consensu</span> <span class='ocrx_word' id='word_1_81' title='bbox 1104 1577 1293 1638; x_wconf 89' lang='lat' dir='ltr'>eorumdem</span> <span class='ocrx_word' id='word_1_82' title='bbox 1318 1577 1544 1660; x_wconf 89' lang='lat' dir='ltr'>prebendario·</span> 
     </span>
     <span class='ocr_line' id='line_1_11' title="bbox 281 1681 1548 1764; baseline 0.003 -22"><span class='ocrx_word' id='word_1_83' title='bbox 281 1701 352 1742; x_wconf 91' lang='lat' dir='ltr'>rum</span> <span class='ocrx_word' id='word_1_84' title='bbox 375 1681 591 1743; x_wconf 89' lang='lat' dir='ltr'>vendiderunt</span> <span class='ocrx_word' id='word_1_85' title='bbox 606 1682 713 1745; x_wconf 90' lang='lat' dir='ltr'>eidem</span> <span class='ocrx_word' id='word_1_86' title='bbox 732 1681 897 1764; x_wconf 86' lang='lat' dir='ltr'>Stephano</span> <span class='ocrx_word' id='word_1_87' title='bbox 914 1683 1026 1744; x_wconf 87' lang='lat' dir='ltr'>sartori</span> <span class='ocrx_word' id='word_1_88' title='bbox 1052 1697 1086 1744; x_wconf 90' lang='lat' dir='ltr'>ut</span> <span class='ocrx_word' id='word_1_89' title='bbox 1109 1683 1173 1764; x_wconf 85' lang='lat' dir='ltr'>jam</span> <span class='ocrx_word' id='word_1_90' title='bbox 1191 1703 1276 1745; x_wconf 93' lang='lat' dir='ltr'>novo</span> <span class='ocrx_word' id='word_1_91' title='bbox 1294 1684 1418 1746; x_wconf 88' lang='lat' dir='ltr'>concivi</span> <span class='ocrx_word' id='word_1_92' title='bbox 1436 1697 1548 1746; x_wconf 87' lang='lat' dir='ltr'>nostro</span> 
     </span>
     <span class='ocr_line' id='line_1_12' title="bbox 281 1788 1548 1873; baseline 0.002 -23"><span class='ocrx_word' id='word_1_93' title='bbox 281 1803 312 1850; x_wconf 90' lang='lat' dir='ltr'>et</span> <span class='ocrx_word' id='word_1_94' title='bbox 334 1808 391 1871; x_wconf 91' lang='lat' dir='ltr'>per</span> <span class='ocrx_word' id='word_1_95' title='bbox 415 1809 490 1851; x_wconf 90' lang='lat' dir='ltr'>eum</span> <span class='ocrx_word' id='word_1_96' title='bbox 514 1789 580 1851; x_wconf 91' lang='lat' dir='ltr'>suis</span> <span class='ocrx_word' id='word_1_97' title='bbox 603 1788 787 1866; x_wconf 88' lang='lat' dir='ltr'>heredibus,</span> <span class='ocrx_word' id='word_1_98' title='bbox 805 1789 925 1850; x_wconf 89' lang='lat' dir='ltr'>eisdem</span> <span class='ocrx_word' id='word_1_99' title='bbox 951 1789 1172 1871; x_wconf 81' lang='lat' dir='ltr'>prebendariis</span> <span class='ocrx_word' id='word_1_100' title='bbox 1197 1791 1291 1872; x_wconf 91' lang='lat' dir='ltr'>plene</span> <span class='ocrx_word' id='word_1_101' title='bbox 1316 1791 1499 1873; x_wconf 90' lang='lat' dir='ltr'>persolutis.</span> <span class='ocrx_word' id='word_1_102' title='bbox 1545 1838 1548 1844; x_wconf 23' lang='grc' dir='ltr'><strong><em>Δ</em></strong></span> 
     </span>
    </p>

    <p class='ocr_par' dir='ltr' id='par_1_3' title="bbox 280 1894 1547 2617">
     <span class='ocr_line' id='line_1_13' title="bbox 388 1894 1547 1976; baseline 0.001 -20"><span class='ocrx_word' id='word_1_103' title='bbox 388 1894 466 1958; x_wconf 91' lang='lat' dir='ltr'>ltem</span> <span class='ocrx_word' id='word_1_104' title='bbox 492 1895 567 1976; x_wconf 93' lang='lat' dir='ltr'>quia</span> <span class='ocrx_word' id='word_1_105' title='bbox 593 1895 712 1957; x_wconf 90' lang='lat' dir='ltr'>Paulus</span> <span class='ocrx_word' id='word_1_106' title='bbox 737 1896 877 1976; x_wconf 85' lang='lat' dir='ltr'>agricola</span> <span class='ocrx_word' id='word_1_107' title='bbox 895 1895 980 1958; x_wconf 89' lang='lat' dir='ltr'>filius</span> <span class='ocrx_word' id='word_1_108' title='bbox 998 1895 1130 1976; x_wconf 87' lang='lat' dir='ltr'>Georgii</span> <span class='ocrx_word' id='word_1_109' title='bbox 1156 1897 1196 1958; x_wconf 92' lang='lat' dir='ltr'>de</span> <span class='ocrx_word' id='word_1_110' title='bbox 1221 1897 1380 1976; x_wconf 89' lang='lat' dir='ltr'>Zanabor,</span> <span class='ocrx_word' id='word_1_111' title='bbox 1404 1898 1547 1959; x_wconf 87' lang='lat' dir='ltr'>concivis</span> 
     </span>
     <span class='ocr_line' id='line_1_14' title="bbox 285 2001 1544 2083; baseline 0.002 -21"><span class='ocrx_word' id='word_1_112' title='bbox 285 2015 403 2080; x_wconf 90' lang='lat' dir='ltr'>noster,</span> <span class='ocrx_word' id='word_1_113' title='bbox 427 2001 574 2063; x_wconf 89' lang='lat' dir='ltr'>vendidit</span> <span class='ocrx_word' id='word_1_114' title='bbox 597 2001 676 2063; x_wconf 90' lang='lat' dir='ltr'>duas</span> <span class='ocrx_word' id='word_1_115' title='bbox 693 2001 865 2083; x_wconf 88' lang='lat' dir='ltr'>particulas</span> <span class='ocrx_word' id='word_1_116' title='bbox 886 2002 1065 2082; x_wconf 86' lang='lat' dir='ltr'>vinearum,</span> <span class='ocrx_word' id='word_1_117' title='bbox 1083 2021 1180 2064; x_wconf 89' lang='lat' dir='ltr'>unam</span> <span class='ocrx_word' id='word_1_118' title='bbox 1198 2001 1453 2065; x_wconf 81' lang='lat' dir='ltr'>Joffanowschak</span> <span class='ocrx_word' id='word_1_119' title='bbox 1479 2003 1544 2065; x_wconf 92' lang='lat' dir='ltr'>dic·</span> 
     </span>
     <span class='ocr_line' id='line_1_15' title="bbox 281 2107 1544 2192; baseline -0.001 -22"><span class='ocrx_word' id='word_1_120' title='bbox 281 2123 347 2170; x_wconf 90' lang='lat' dir='ltr'>tam</span> <span class='ocrx_word' id='word_1_121' title='bbox 383 2128 400 2170; x_wconf 88' lang='lat' dir='ltr'>a</span> <span class='ocrx_word' id='word_1_122' title='bbox 424 2122 513 2190; x_wconf 88' lang='lat' dir='ltr'>parte</span> <span class='ocrx_word' id='word_1_123' title='bbox 538 2107 631 2169; x_wconf 91' lang='lat' dir='ltr'>vinee</span> <span class='ocrx_word' id='word_1_124' title='bbox 655 2108 835 2190; x_wconf 88' lang='lat' dir='ltr'>plebanalis</span> <span class='ocrx_word' id='word_1_125' title='bbox 859 2109 959 2170; x_wconf 91' lang='lat' dir='ltr'>sancti</span> <span class='ocrx_word' id='word_1_126' title='bbox 985 2109 1096 2187; x_wconf 86' lang='lat' dir='ltr'>Marci,</span> <span class='ocrx_word' id='word_1_127' title='bbox 1121 2122 1151 2170; x_wconf 90' lang='lat' dir='ltr'>et</span> <span class='ocrx_word' id='word_1_128' title='bbox 1175 2109 1271 2170; x_wconf 89' lang='lat' dir='ltr'>aliam</span> <span class='ocrx_word' id='word_1_129' title='bbox 1296 2129 1314 2170; x_wconf 91' lang='lat' dir='ltr'>a</span> <span class='ocrx_word' id='word_1_130' title='bbox 1339 2121 1427 2192; x_wconf 90' lang='lat' dir='ltr'>parte</span> <span class='ocrx_word' id='word_1_131' title='bbox 1452 2109 1544 2170; x_wconf 88' lang='lat' dir='ltr'>vinee</span> 
     </span>
     <span class='ocr_line' id='line_1_16' title="bbox 282 2213 1543 2298; baseline 0 -22"><span class='ocrx_word' id='word_1_132' title='bbox 282 2213 422 2297; x_wconf 92' lang='lat' dir='ltr'>Philippi</span> <span class='ocrx_word' id='word_1_133' title='bbox 448 2215 575 2292; x_wconf 88' lang='lat' dir='ltr'>sutoris,</span> <span class='ocrx_word' id='word_1_134' title='bbox 600 2235 617 2276; x_wconf 91' lang='lat' dir='ltr'>a</span> <span class='ocrx_word' id='word_1_135' title='bbox 641 2228 730 2297; x_wconf 87' lang='lat' dir='ltr'>parte</span> <span class='ocrx_word' id='word_1_136' title='bbox 764 2215 1020 2298; x_wconf 83' lang='lat' dir='ltr'>septemtrionali</span> <span class='ocrx_word' id='word_1_137' title='bbox 1054 2213 1178 2276; x_wconf 88' lang='lat' dir='ltr'>habitas</span> <span class='ocrx_word' id='word_1_138' title='bbox 1203 2229 1233 2276; x_wconf 92' lang='lat' dir='ltr'>et</span> <span class='ocrx_word' id='word_1_139' title='bbox 1265 2215 1446 2293; x_wconf 82' lang='lat' dir='ltr'>existentes,</span> <span class='ocrx_word' id='word_1_140' title='bbox 1471 2235 1543 2297; x_wconf 94' lang='lat' dir='ltr'>pro-</span> 
     </span>
     <span class='ocr_line' id='line_1_17' title="bbox 280 2319 1542 2406; baseline 0 -24"><span class='ocrx_word' id='word_1_141' title='bbox 280 2322 356 2382; x_wconf 93' lang='lat' dir='ltr'>vido</span> <span class='ocrx_word' id='word_1_142' title='bbox 373 2321 443 2383; x_wconf 94' lang='lat' dir='ltr'>viro</span> <span class='ocrx_word' id='word_1_143' title='bbox 460 2321 632 2384; x_wconf 87' lang='lat' dir='ltr'>Valentino</span> <span class='ocrx_word' id='word_1_144' title='bbox 649 2321 750 2383; x_wconf 89' lang='lat' dir='ltr'>sutori</span> <span class='ocrx_word' id='word_1_145' title='bbox 775 2319 842 2384; x_wconf 88' lang='lat' dir='ltr'>filio</span> <span class='ocrx_word' id='word_1_146' title='bbox 867 2322 987 2382; x_wconf 91' lang='lat' dir='ltr'>Vrbani</span> <span class='ocrx_word' id='word_1_147' title='bbox 1012 2321 1088 2382; x_wconf 92' lang='lat' dir='ltr'>dicti</span> <span class='ocrx_word' id='word_1_148' title='bbox 1106 2321 1175 2382; x_wconf 88' lang='lat' dir='ltr'>lsak</span> <span class='ocrx_word' id='word_1_149' title='bbox 1200 2321 1239 2382; x_wconf 89' lang='lat' dir='ltr'>de</span> <span class='ocrx_word' id='word_1_150' title='bbox 1264 2321 1458 2406; x_wconf 85' lang='lat' dir='ltr'>Sthulhycza</span> <span class='ocrx_word' id='word_1_151' title='bbox 1483 2340 1542 2404; x_wconf 93' lang='lat' dir='ltr'>pro</span> 
     </span>
     <span class='ocr_line' id='line_1_18' title="bbox 282 2426 1545 2491; baseline -0.001 -2"><span class='ocrx_word' id='word_1_152' title='bbox 282 2427 393 2490; x_wconf 90' lang='lat' dir='ltr'>decem</span> <span class='ocrx_word' id='word_1_153' title='bbox 420 2441 451 2490; x_wconf 90' lang='lat' dir='ltr'>et</span> <span class='ocrx_word' id='word_1_154' title='bbox 474 2441 548 2491; x_wconf 90' lang='lat' dir='ltr'>octo</span> <span class='ocrx_word' id='word_1_155' title='bbox 572 2427 642 2490; x_wconf 88' lang='lat' dir='ltr'>flor.</span> <span class='ocrx_word' id='word_1_156' title='bbox 659 2427 806 2490; x_wconf 91' lang='lat' dir='ltr'>vendidit</span> <span class='ocrx_word' id='word_1_157' title='bbox 829 2429 930 2489; x_wconf 91' lang='lat' dir='ltr'>immo</span> <span class='ocrx_word' id='word_1_158' title='bbox 955 2448 991 2488; x_wconf 91' lang='lat' dir='ltr'>ex</span> <span class='ocrx_word' id='word_1_159' title='bbox 1010 2446 1168 2489; x_wconf 87' lang='lat' dir='ltr'>consensu</span> <span class='ocrx_word' id='word_1_160' title='bbox 1193 2427 1373 2490; x_wconf 88' lang='lat' dir='ltr'>vicinorum</span> <span class='ocrx_word' id='word_1_161' title='bbox 1398 2426 1545 2489; x_wconf 92' lang='lat' dir='ltr'>vendidit</span> 
     </span>
     <span class='ocr_line' id='line_1_19' title="bbox 281 2533 1275 2617; baseline 0 -21"><span class='ocrx_word' id='word_1_162' title='bbox 281 2553 394 2597; x_wconf 87' lang='lat' dir='ltr'>eorum</span> <span class='ocrx_word' id='word_1_163' title='bbox 420 2549 450 2596; x_wconf 89' lang='lat' dir='ltr'>et</span> <span class='ocrx_word' id='word_1_164' title='bbox 473 2535 540 2596; x_wconf 89' lang='lat' dir='ltr'>suis</span> <span class='ocrx_word' id='word_1_165' title='bbox 564 2535 737 2597; x_wconf 90' lang='lat' dir='ltr'>heredibus</span> <span class='ocrx_word' id='word_1_166' title='bbox 760 2534 829 2616; x_wconf 90' lang='lat' dir='ltr'>jure</span> <span class='ocrx_word' id='word_1_167' title='bbox 853 2549 1009 2617; x_wconf 90' lang='lat' dir='ltr'>perpetuo</span> <span class='ocrx_word' id='word_1_168' title='bbox 1034 2533 1275 2616; x_wconf 87' lang='lat' dir='ltr'>possidendam.</span> 
     </span>
    </p>

    <p class='ocr_par' dir='ltr' id='par_1_4' title="bbox 280 2641 1548 4000">
     <span class='ocr_line' id='line_1_20' title="bbox 320 2641 1543 2724; baseline 0.001 -21"><span class='ocrx_word' id='word_1_169' title='bbox 320 2717 325 2724; x_wconf 26' lang='grc' dir='ltr'>ι</span> <span class='ocrx_word' id='word_1_170' title='bbox 388 2642 486 2716; x_wconf 90' lang='lat' dir='ltr'>Quod</span> <span class='ocrx_word' id='word_1_171' title='bbox 512 2643 588 2724; x_wconf 88' lang='lat' dir='ltr'>quia</span> <span class='ocrx_word' id='word_1_172' title='bbox 612 2642 746 2724; x_wconf 88' lang='lat' dir='ltr'>provida</span> <span class='ocrx_word' id='word_1_173' title='bbox 780 2643 896 2704; x_wconf 92' lang='lat' dir='ltr'>mulier</span> <span class='ocrx_word' id='word_1_174' title='bbox 924 2641 1098 2704; x_wconf 90' lang='lat' dir='ltr'>Katherina</span> <span class='ocrx_word' id='word_1_175' title='bbox 1131 2656 1243 2704; x_wconf 89' lang='lat' dir='ltr'>vocata</span> <span class='ocrx_word' id='word_1_176' title='bbox 1267 2641 1408 2724; x_wconf 91' lang='lat' dir='ltr'>primum</span> <span class='ocrx_word' id='word_1_177' title='bbox 1433 2642 1543 2704; x_wconf 87' lang='lat' dir='ltr'>relicta</span> 
     </span>
     <span class='ocr_line' id='line_1_21' title="bbox 282 2747 1543 2831; baseline -0.001 -20"><span class='ocrx_word' id='word_1_178' title='bbox 282 2749 418 2811; x_wconf 90' lang='lat' dir='ltr'>condam</span> <span class='ocrx_word' id='word_1_179' title='bbox 444 2748 574 2810; x_wconf 83' lang='lat' dir='ltr'>Andree</span> <span class='ocrx_word' id='word_1_180' title='bbox 599 2748 768 2830; x_wconf 86' lang='lat' dir='ltr'>freniparis</span> <span class='ocrx_word' id='word_1_181' title='bbox 793 2749 832 2810; x_wconf 91' lang='lat' dir='ltr'>de</span> <span class='ocrx_word' id='word_1_182' title='bbox 859 2749 1034 2811; x_wconf 81' lang='lat' dir='ltr'>Rerdowcz</span> <span class='ocrx_word' id='word_1_183' title='bbox 1059 2765 1089 2812; x_wconf 87' lang='lat' dir='ltr'>et</span> <span class='ocrx_word' id='word_1_184' title='bbox 1112 2749 1243 2811; x_wconf 88' lang='lat' dir='ltr'>tandem</span> <span class='ocrx_word' id='word_1_185' title='bbox 1268 2749 1377 2810; x_wconf 89' lang='lat' dir='ltr'>relicta</span> <span class='ocrx_word' id='word_1_186' title='bbox 1403 2747 1543 2831; x_wconf 89' lang='lat' dir='ltr'>Philippi</span> 
     </span>
     <span class='ocr_line' id='line_1_22' title="bbox 281 2853 1543 2938; baseline -0.001 -21"><span class='ocrx_word' id='word_1_187' title='bbox 281 2855 428 2917; x_wconf 89' lang='lat' dir='ltr'>similiter</span> <span class='ocrx_word' id='word_1_188' title='bbox 451 2853 620 2938; x_wconf 83' lang='lat' dir='ltr'>ireniparis</span> <span class='ocrx_word' id='word_1_189' title='bbox 644 2855 790 2916; x_wconf 89' lang='lat' dir='ltr'>vendidit</span> <span class='ocrx_word' id='word_1_190' title='bbox 814 2855 947 2917; x_wconf 88' lang='lat' dir='ltr'>totalem</span> <span class='ocrx_word' id='word_1_191' title='bbox 965 2855 1100 2918; x_wconf 92' lang='lat' dir='ltr'>domurn</span> <span class='ocrx_word' id='word_1_192' title='bbox 1122 2875 1212 2918; x_wconf 90' lang='lat' dir='ltr'>suam</span> <span class='ocrx_word' id='word_1_193' title='bbox 1237 2856 1333 2917; x_wconf 91' lang='lat' dir='ltr'>simul</span> <span class='ocrx_word' id='word_1_194' title='bbox 1357 2875 1430 2917; x_wconf 92' lang='lat' dir='ltr'>cum</span> <span class='ocrx_word' id='word_1_195' title='bbox 1455 2855 1543 2917; x_wconf 93' lang='lat' dir='ltr'>hedi-</span> 
     </span>
     <span class='ocr_line' id='line_1_23' title="bbox 281 2961 1543 3044; baseline -0.002 -20"><span class='ocrx_word' id='word_1_196' title='bbox 281 2961 360 3024; x_wconf 89' lang='lat' dir='ltr'>ficiis</span> <span class='ocrx_word' id='word_1_197' title='bbox 384 2976 415 3023; x_wconf 89' lang='lat' dir='ltr'>et</span> <span class='ocrx_word' id='word_1_198' title='bbox 440 2961 558 3023; x_wconf 88' lang='lat' dir='ltr'>celario</span> <span class='ocrx_word' id='word_1_199' title='bbox 581 2962 790 3023; x_wconf 89' lang='lat' dir='ltr'>subterraneo</span> <span class='ocrx_word' id='word_1_200' title='bbox 815 2961 950 3024; x_wconf 89' lang='lat' dir='ltr'>indicta</span> <span class='ocrx_word' id='word_1_201' title='bbox 976 2963 1103 3024; x_wconf 90' lang='lat' dir='ltr'>civitate</span> <span class='ocrx_word' id='word_1_202' title='bbox 1120 2977 1151 3024; x_wconf 93' lang='lat' dir='ltr'>et</span> <span class='ocrx_word' id='word_1_203' title='bbox 1175 2963 1257 3024; x_wconf 90' lang='lat' dir='ltr'>iuter</span> <span class='ocrx_word' id='word_1_204' title='bbox 1273 2961 1409 3024; x_wconf 84' lang='lat' dir='ltr'>fundum</span> <span class='ocrx_word' id='word_1_205' title='bbox 1435 2962 1543 3044; x_wconf 88' lang='lat' dir='ltr'>pleba-</span> 
     </span>
     <span class='ocr_line' id='line_1_24' title="bbox 282 3067 1542 3147; baseline 0.001 -19"><span class='ocrx_word' id='word_1_206' title='bbox 282 3067 388 3130; x_wconf 88' lang='lat' dir='ltr'>nalem</span> <span class='ocrx_word' id='word_1_207' title='bbox 414 3067 547 3130; x_wconf 89' lang='lat' dir='ltr'>ecclesie</span> <span class='ocrx_word' id='word_1_208' title='bbox 580 3067 679 3129; x_wconf 91' lang='lat' dir='ltr'>sancti</span> <span class='ocrx_word' id='word_1_209' title='bbox 707 3068 816 3146; x_wconf 89' lang='lat' dir='ltr'>Marci,</span> <span class='ocrx_word' id='word_1_210' title='bbox 849 3069 889 3129; x_wconf 92' lang='lat' dir='ltr'>ab</span> <span class='ocrx_word' id='word_1_211' title='bbox 922 3069 1100 3147; x_wconf 90' lang='lat' dir='ltr'>occidente,</span> <span class='ocrx_word' id='word_1_212' title='bbox 1132 3083 1162 3131; x_wconf 93' lang='lat' dir='ltr'>et</span> <span class='ocrx_word' id='word_1_213' title='bbox 1186 3070 1268 3133; x_wconf 90' lang='lat' dir='ltr'>inter</span> <span class='ocrx_word' id='word_1_214' title='bbox 1300 3068 1436 3131; x_wconf 81' lang='lat' dir='ltr'>fundum</span> <span class='ocrx_word' id='word_1_215' title='bbox 1468 3069 1542 3130; x_wconf 91' lang='lat' dir='ltr'>Cle-</span> 
     </span>
     <span class='ocr_line' id='line_1_25' title="bbox 281 3173 1542 3257; baseline 0.002 -21"><span class='ocrx_word' id='word_1_216' title='bbox 281 3174 397 3236; x_wconf 90' lang='lat' dir='ltr'>mentis</span> <span class='ocrx_word' id='word_1_217' title='bbox 429 3174 546 3235; x_wconf 91' lang='lat' dir='ltr'>sutoris</span> <span class='ocrx_word' id='word_1_218' title='bbox 578 3174 709 3236; x_wconf 84' lang='lat' dir='ltr'>Kechlra</span> <span class='ocrx_word' id='word_1_219' title='bbox 742 3173 830 3253; x_wconf 93' lang='lat' dir='ltr'>dicti,</span> <span class='ocrx_word' id='word_1_220' title='bbox 862 3176 901 3236; x_wconf 90' lang='lat' dir='ltr'>ab</span> <span class='ocrx_word' id='word_1_221' title='bbox 933 3175 1057 3236; x_wconf 89' lang='lat' dir='ltr'>oriente</span> <span class='ocrx_word' id='word_1_222' title='bbox 1090 3175 1242 3254; x_wconf 87' lang='lat' dir='ltr'>habitam,</span> <span class='ocrx_word' id='word_1_223' title='bbox 1274 3197 1371 3238; x_wconf 89' lang='lat' dir='ltr'>unam</span> <span class='ocrx_word' id='word_1_224' title='bbox 1396 3189 1542 3257; x_wconf 88' lang='lat' dir='ltr'>quartam</span> 
     </span>
     <span class='ocr_line' id='line_1_26' title="bbox 281 3279 1542 3364; baseline 0.002 -23"><span class='ocrx_word' id='word_1_225' title='bbox 281 3280 369 3342; x_wconf 92' lang='lat' dir='ltr'>curie</span> <span class='ocrx_word' id='word_1_226' title='bbox 393 3279 426 3341; x_wconf 92' lang='lat' dir='ltr'>in</span> <span class='ocrx_word' id='word_1_227' title='bbox 450 3293 518 3341; x_wconf 93' lang='lat' dir='ltr'>toto</span> <span class='ocrx_word' id='word_1_228' title='bbox 551 3280 583 3342; x_wconf 93' lang='lat' dir='ltr'>in</span> <span class='ocrx_word' id='word_1_229' title='bbox 616 3299 649 3340; x_wconf 91' lang='lat' dir='ltr'>se</span> <span class='ocrx_word' id='word_1_230' title='bbox 681 3280 918 3358; x_wconf 90' lang='lat' dir='ltr'>continentem;</span> <span class='ocrx_word' id='word_1_231' title='bbox 952 3281 1027 3344; x_wconf 90' lang='lat' dir='ltr'>item</span> <span class='ocrx_word' id='word_1_232' title='bbox 1060 3280 1201 3364; x_wconf 85' lang='lat' dir='ltr'>prefatus</span> <span class='ocrx_word' id='word_1_233' title='bbox 1234 3281 1387 3345; x_wconf 86' lang='lat' dir='ltr'>Clemens</span> <span class='ocrx_word' id='word_1_234' title='bbox 1412 3282 1542 3344; x_wconf 85' lang='lat' dir='ltr'>Keczka</span> 
     </span>
     <span class='ocr_line' id='line_1_27' title="bbox 282 3385 1548 3450; baseline 0 -2"><span class='ocrx_word' id='word_1_235' title='bbox 282 3400 370 3448; x_wconf 91' lang='lat' dir='ltr'>sutor</span> <span class='ocrx_word' id='word_1_236' title='bbox 393 3387 541 3449; x_wconf 90' lang='lat' dir='ltr'>vendidit</span> <span class='ocrx_word' id='word_1_237' title='bbox 564 3405 662 3448; x_wconf 90' lang='lat' dir='ltr'>unam</span> <span class='ocrx_word' id='word_1_238' title='bbox 687 3399 832 3448; x_wconf 88' lang='lat' dir='ltr'>octavam</span> <span class='ocrx_word' id='word_1_239' title='bbox 858 3385 950 3448; x_wconf 84' lang='lat' dir='ltr'>fundi</span> <span class='ocrx_word' id='word_1_240' title='bbox 979 3389 1027 3449; x_wconf 92' lang='lat' dir='ltr'>sui</span> <span class='ocrx_word' id='word_1_241' title='bbox 1060 3388 1152 3450; x_wconf 87' lang='lat' dir='ltr'>vacui</span> <span class='ocrx_word' id='word_1_242' title='bbox 1177 3409 1195 3450; x_wconf 91' lang='lat' dir='ltr'>a</span> <span class='ocrx_word' id='word_1_243' title='bbox 1220 3401 1303 3450; x_wconf 91' lang='lat' dir='ltr'>retro</span> <span class='ocrx_word' id='word_1_244' title='bbox 1328 3387 1462 3450; x_wconf 90' lang='lat' dir='ltr'>domum</span> <span class='ocrx_word' id='word_1_245' title='bbox 1488 3407 1548 3449; x_wconf 80' lang='lat' dir='ltr'>eo·—</span> 
     </span>
     <span class='ocr_line' id='line_1_28' title="bbox 283 3492 1541 3576; baseline 0 -21"><span class='ocrx_word' id='word_1_246' title='bbox 283 3493 431 3556; x_wconf 89' lang='lat' dir='ltr'>rumdem</span> <span class='ocrx_word' id='word_1_247' title='bbox 465 3492 626 3572; x_wconf 90' lang='lat' dir='ltr'>habitam,</span> <span class='ocrx_word' id='word_1_248' title='bbox 662 3506 818 3574; x_wconf 87' lang='lat' dir='ltr'>quantum</span> <span class='ocrx_word' id='word_1_249' title='bbox 851 3493 968 3554; x_wconf 91' lang='lat' dir='ltr'>domus</span> <span class='ocrx_word' id='word_1_250' title='bbox 999 3513 1110 3555; x_wconf 89' lang='lat' dir='ltr'>eorum</span> <span class='ocrx_word' id='word_1_251' title='bbox 1135 3514 1167 3554; x_wconf 89' lang='lat' dir='ltr'>se</span> <span class='ocrx_word' id='word_1_252' title='bbox 1201 3493 1342 3556; x_wconf 88' lang='lat' dir='ltr'>extendit</span> <span class='ocrx_word' id='word_1_253' title='bbox 1375 3508 1405 3555; x_wconf 91' lang='lat' dir='ltr'>et</span> <span class='ocrx_word' id='word_1_254' title='bbox 1440 3513 1541 3576; x_wconf 90' lang='lat' dir='ltr'>usque</span> 
     </span>
     <span class='ocr_line' id='line_1_29' title="bbox 281 3598 1546 3682; baseline 0.001 -21"><span class='ocrx_word' id='word_1_255' title='bbox 281 3599 419 3661; x_wconf 88' lang='lat' dir='ltr'>fundum</span> <span class='ocrx_word' id='word_1_256' title='bbox 445 3619 582 3661; x_wconf 89' lang='lat' dir='ltr'>vacuum</span> <span class='ocrx_word' id='word_1_257' title='bbox 608 3599 763 3661; x_wconf 84' lang='lat' dir='ltr'>Anthonii</span> <span class='ocrx_word' id='word_1_258' title='bbox 797 3598 922 3680; x_wconf 90' lang='lat' dir='ltr'>judicis,</span> <span class='ocrx_word' id='word_1_259' title='bbox 955 3620 972 3661; x_wconf 91' lang='lat' dir='ltr'>a</span> <span class='ocrx_word' id='word_1_260' title='bbox 1004 3600 1245 3681; x_wconf 88' lang='lat' dir='ltr'>septemtrione,</span> <span class='ocrx_word' id='word_1_261' title='bbox 1277 3599 1397 3682; x_wconf 85' lang='lat' dir='ltr'>prelata</span> <span class='ocrx_word' id='word_1_262' title='bbox 1424 3601 1546 3662; x_wconf 71' lang='lat' dir='ltr'>Kathe-</span> 
     </span>
     <span class='ocr_line' id='line_1_30' title="bbox 281 3705 1541 3789; baseline -0.002 -21"><span class='ocrx_word' id='word_1_263' title='bbox 281 3707 350 3768; x_wconf 88' lang='lat' dir='ltr'>rina</span> <span class='ocrx_word' id='word_1_264' title='bbox 375 3725 433 3789; x_wconf 89' lang='lat' dir='ltr'>pro</span> <span class='ocrx_word' id='word_1_265' title='bbox 458 3725 575 3768; x_wconf 88' lang='lat' dir='ltr'>novem</span> <span class='ocrx_word' id='word_1_266' title='bbox 600 3705 670 3770; x_wconf 88' lang='lat' dir='ltr'>flor.</span> <span class='ocrx_word' id='word_1_267' title='bbox 695 3706 764 3766; x_wconf 92' lang='lat' dir='ltr'>auri</span> <span class='ocrx_word' id='word_1_268' title='bbox 789 3726 825 3766; x_wconf 91' lang='lat' dir='ltr'>ac</span> <span class='ocrx_word' id='word_1_269' title='bbox 845 3706 1009 3786; x_wconf 87' lang='lat' dir='ltr'>sexaginta</span> <span class='ocrx_word' id='word_1_270' title='bbox 1027 3706 1176 3785; x_wconf 89' lang='lat' dir='ltr'>denariis,</span> <span class='ocrx_word' id='word_1_271' title='bbox 1201 3705 1342 3787; x_wconf 86' lang='lat' dir='ltr'>prelatus</span> <span class='ocrx_word' id='word_1_272' title='bbox 1366 3725 1442 3766; x_wconf 91' lang='lat' dir='ltr'>vero</span> <span class='ocrx_word' id='word_1_273' title='bbox 1467 3705 1541 3767; x_wconf 92' lang='lat' dir='ltr'>Cle-</span> 
     </span>
     <span class='ocr_line' id='line_1_31' title="bbox 281 3812 1542 3895; baseline -0.002 -21"><span class='ocrx_word' id='word_1_274' title='bbox 281 3833 372 3876; x_wconf 90' lang='lat' dir='ltr'>mens</span> <span class='ocrx_word' id='word_1_275' title='bbox 397 3814 498 3894; x_wconf 89' lang='lat' dir='ltr'>ipsam</span> <span class='ocrx_word' id='word_1_276' title='bbox 523 3825 669 3874; x_wconf 85' lang='lat' dir='ltr'>octavam</span> <span class='ocrx_word' id='word_1_277' title='bbox 695 3813 780 3873; x_wconf 93' lang='lat' dir='ltr'>curie</span> <span class='ocrx_word' id='word_1_278' title='bbox 813 3832 870 3894; x_wconf 92' lang='lat' dir='ltr'>pro</span> <span class='ocrx_word' id='word_1_279' title='bbox 903 3826 1040 3894; x_wconf 90' lang='lat' dir='ltr'>quatuor</span> <span class='ocrx_word' id='word_1_280' title='bbox 1070 3813 1178 3895; x_wconf 87' lang='lat' dir='ltr'>pensis</span> <span class='ocrx_word' id='word_1_281' title='bbox 1210 3826 1240 3875; x_wconf 87' lang='lat' dir='ltr'>et</span> <span class='ocrx_word' id='word_1_282' title='bbox 1264 3813 1377 3892; x_wconf 85' lang='lat' dir='ltr'>viginti</span> <span class='ocrx_word' id='word_1_283' title='bbox 1402 3812 1542 3873; x_wconf 90' lang='lat' dir='ltr'>denariis</span> 
     </span>
     <span class='ocr_line' id='line_1_32' title="bbox 280 3917 1380 4000; baseline -0.002 -20"><span class='ocrx_word' id='word_1_284' title='bbox 280 3919 497 3982; x_wconf 89' lang='lat' dir='ltr'>vendiderunt</span> <span class='ocrx_word' id='word_1_285' title='bbox 520 3919 587 4000; x_wconf 91' lang='lat' dir='ltr'>jure</span> <span class='ocrx_word' id='word_1_286' title='bbox 612 3932 769 4000; x_wconf 89' lang='lat' dir='ltr'>perpetuo</span> <span class='ocrx_word' id='word_1_287' title='bbox 792 3917 965 3981; x_wconf 88' lang='lat' dir='ltr'>tenendam</span> <span class='ocrx_word' id='word_1_288' title='bbox 991 3919 1108 4000; x_wconf 90' lang='lat' dir='ltr'>pariter</span> <span class='ocrx_word' id='word_1_289' title='bbox 1133 3933 1163 3981; x_wconf 93' lang='lat' dir='ltr'>et</span> <span class='ocrx_word' id='word_1_290' title='bbox 1186 3917 1380 3988; x_wconf 77' lang='lat' dir='ltr'>habendam.</span> 
     </span>
    </p>

    <p class='ocr_par' dir='ltr' id='par_1_5' title="bbox 280 4022 1541 5067">
     <span class='ocr_line' id='line_1_33' title="bbox 386 4022 1541 4108; baseline -0.002 -22"><span class='ocrx_word' id='word_1_291' title='bbox 386 4025 462 4087; x_wconf 92' lang='lat' dir='ltr'>ltem</span> <span class='ocrx_word' id='word_1_292' title='bbox 495 4026 571 4108; x_wconf 91' lang='lat' dir='ltr'>quia</span> <span class='ocrx_word' id='word_1_293' title='bbox 596 4024 750 4107; x_wconf 91' lang='lat' dir='ltr'>providus</span> <span class='ocrx_word' id='word_1_294' title='bbox 774 4025 822 4085; x_wconf 94' lang='lat' dir='ltr'>vir</span> <span class='ocrx_word' id='word_1_295' title='bbox 846 4023 1007 4106; x_wconf 87' lang='lat' dir='ltr'>Georgius</span> <span class='ocrx_word' id='word_1_296' title='bbox 1031 4039 1119 4086; x_wconf 93' lang='lat' dir='ltr'>sutor</span> <span class='ocrx_word' id='word_1_297' title='bbox 1144 4025 1285 4087; x_wconf 90' lang='lat' dir='ltr'>concivis</span> <span class='ocrx_word' id='word_1_298' title='bbox 1317 4037 1424 4086; x_wconf 90' lang='lat' dir='ltr'>noster</span> <span class='ocrx_word' id='word_1_299' title='bbox 1455 4022 1541 4085; x_wconf 88' lang='lat' dir='ltr'>filius</span> 
     </span>
     <span class='ocr_line' id='line_1_34' title="bbox 280 4129 1539 4214; baseline -0.002 -20"><span class='ocrx_word' id='word_1_300' title='bbox 280 4131 443 4194; x_wconf 89' lang='lat' dir='ltr'>Valentini</span> <span class='ocrx_word' id='word_1_301' title='bbox 477 4132 553 4194; x_wconf 79' lang='lat' dir='ltr'>dicti</span> <span class='ocrx_word' id='word_1_302' title='bbox 588 4129 814 4214; x_wconf 86' lang='lat' dir='ltr'>Mosekowych</span> <span class='ocrx_word' id='word_1_303' title='bbox 855 4131 894 4191; x_wconf 91' lang='lat' dir='ltr'>de</span> <span class='ocrx_word' id='word_1_304' title='bbox 927 4131 1122 4193; x_wconf 85' lang='lat' dir='ltr'>Adamowcz</span> <span class='ocrx_word' id='word_1_305' title='bbox 1157 4130 1304 4192; x_wconf 92' lang='lat' dir='ltr'>vendidit</span> <span class='ocrx_word' id='word_1_306' title='bbox 1336 4129 1539 4192; x_wconf 90' lang='lat' dir='ltr'>medietatem</span> 
     </span>
     <span class='ocr_line' id='line_1_35' title="bbox 281 4238 1541 4321; baseline -0.002 -19"><span class='ocrx_word' id='word_1_307' title='bbox 281 4241 397 4303; x_wconf 91' lang='lat' dir='ltr'>domus</span> <span class='ocrx_word' id='word_1_308' title='bbox 421 4259 478 4302; x_wconf 90' lang='lat' dir='ltr'>sue</span> <span class='ocrx_word' id='word_1_309' title='bbox 504 4241 565 4302; x_wconf 93' lang='lat' dir='ltr'>hoc</span> <span class='ocrx_word' id='word_1_310' title='bbox 591 4255 638 4302; x_wconf 89' lang='lat' dir='ltr'>est</span> <span class='ocrx_word' id='word_1_311' title='bbox 661 4254 725 4302; x_wconf 89' lang='lat' dir='ltr'>tres</span> <span class='ocrx_word' id='word_1_312' title='bbox 749 4259 891 4300; x_wconf 89' lang='lat' dir='ltr'>cameras</span> <span class='ocrx_word' id='word_1_313' title='bbox 923 4240 1127 4321; x_wconf 88' lang='lat' dir='ltr'>posteriores,</span> <span class='ocrx_word' id='word_1_314' title='bbox 1160 4239 1346 4321; x_wconf 89' lang='lat' dir='ltr'>incipiendo</span> <span class='ocrx_word' id='word_1_315' title='bbox 1371 4240 1410 4300; x_wconf 88' lang='lat' dir='ltr'>ab</span> <span class='ocrx_word' id='word_1_316' title='bbox 1436 4238 1541 4300; x_wconf 88' lang='lat' dir='ltr'>hostio</span> 
     </span>
     <span class='ocr_line' id='line_1_36' title="bbox 281 4345 1540 4414; baseline -0.002 -5"><span class='ocrx_word' id='word_1_317' title='bbox 281 4347 313 4408; x_wconf 89' lang='lat' dir='ltr'>in</span> <span class='ocrx_word' id='word_1_318' title='bbox 345 4348 444 4409; x_wconf 90' lang='lat' dir='ltr'>latere</span> <span class='ocrx_word' id='word_1_319' title='bbox 477 4345 621 4408; x_wconf 89' lang='lat' dir='ltr'>eiusdem</span> <span class='ocrx_word' id='word_1_320' title='bbox 659 4345 774 4408; x_wconf 92' lang='lat' dir='ltr'>domus</span> <span class='ocrx_word' id='word_1_321' title='bbox 810 4365 866 4406; x_wconf 92' lang='lat' dir='ltr'>sue</span> <span class='ocrx_word' id='word_1_322' title='bbox 901 4359 986 4407; x_wconf 93' lang='lat' dir='ltr'>retro</span> <span class='ocrx_word' id='word_1_323' title='bbox 1021 4346 1168 4414; x_wconf 87' lang='lat' dir='ltr'>ultimam</span> <span class='ocrx_word' id='word_1_324' title='bbox 1204 4365 1363 4407; x_wconf 91' lang='lat' dir='ltr'>cameram</span> <span class='ocrx_word' id='word_1_325' title='bbox 1396 4345 1540 4407; x_wconf 89' lang='lat' dir='ltr'>eiusdem</span> 
     </span>
     <span class='ocr_line' id='line_1_37' title="bbox 282 4451 1540 4534; baseline -0.001 -21"><span class='ocrx_word' id='word_1_326' title='bbox 282 4451 414 4534; x_wconf 82' lang='lat' dir='ltr'>Georgii</span> <span class='ocrx_word' id='word_1_327' title='bbox 438 4451 561 4513; x_wconf 89' lang='lat' dir='ltr'>habitas</span> <span class='ocrx_word' id='word_1_328' title='bbox 585 4465 616 4513; x_wconf 95' lang='lat' dir='ltr'>et</span> <span class='ocrx_word' id='word_1_329' title='bbox 632 4451 812 4530; x_wconf 85' lang='lat' dir='ltr'>existentes,</span> <span class='ocrx_word' id='word_1_330' title='bbox 831 4471 971 4512; x_wconf 90' lang='lat' dir='ltr'>necnon</span> <span class='ocrx_word' id='word_1_331' title='bbox 990 4453 1195 4514; x_wconf 89' lang='lat' dir='ltr'>medietatem</span> <span class='ocrx_word' id='word_1_332' title='bbox 1214 4452 1321 4513; x_wconf 89' lang='lat' dir='ltr'>celarii</span> <span class='ocrx_word' id='word_1_333' title='bbox 1342 4452 1540 4512; x_wconf 89' lang='lat' dir='ltr'>subterranei</span> 
     </span>
     <span class='ocr_line' id='line_1_38' title="bbox 281 4555 1540 4639; baseline 0 -21"><span class='ocrx_word' id='word_1_334' title='bbox 281 4558 313 4618; x_wconf 90' lang='lat' dir='ltr'>in</span> <span class='ocrx_word' id='word_1_335' title='bbox 337 4558 420 4620; x_wconf 93' lang='lat' dir='ltr'>dicta</span> <span class='ocrx_word' id='word_1_336' title='bbox 446 4558 572 4620; x_wconf 91' lang='lat' dir='ltr'>civitate</span> <span class='ocrx_word' id='word_1_337' title='bbox 597 4578 633 4619; x_wconf 89' lang='lat' dir='ltr'>ac</span> <span class='ocrx_word' id='word_1_338' title='bbox 657 4558 740 4620; x_wconf 90' lang='lat' dir='ltr'>inter</span> <span class='ocrx_word' id='word_1_339' title='bbox 765 4557 898 4618; x_wconf 90' lang='lat' dir='ltr'>domum</span> <span class='ocrx_word' id='word_1_340' title='bbox 924 4571 955 4620; x_wconf 92' lang='lat' dir='ltr'>et</span> <span class='ocrx_word' id='word_1_341' title='bbox 978 4555 1116 4620; x_wconf 86' lang='lat' dir='ltr'>fundum</span> <span class='ocrx_word' id='word_1_342' title='bbox 1141 4559 1199 4619; x_wconf 93' lang='lat' dir='ltr'>viri</span> <span class='ocrx_word' id='word_1_343' title='bbox 1226 4557 1351 4639; x_wconf 92' lang='lat' dir='ltr'>providi</span> <span class='ocrx_word' id='word_1_344' title='bbox 1378 4558 1540 4619; x_wconf 88' lang='lat' dir='ltr'>Valentini</span> 
     </span>
     <span class='ocr_line' id='line_1_39' title="bbox 280 4663 1540 4750; baseline -0.002 -22"><span class='ocrx_word' id='word_1_345' title='bbox 280 4665 415 4750; x_wconf 84' lang='lat' dir='ltr'>senioris</span> <span class='ocrx_word' id='word_1_346' title='bbox 437 4664 552 4746; x_wconf 89' lang='lat' dir='ltr'>judicis</span> <span class='ocrx_word' id='word_1_347' title='bbox 575 4663 633 4727; x_wconf 89' lang='lat' dir='ltr'>filii</span> <span class='ocrx_word' id='word_1_348' title='bbox 668 4663 846 4742; x_wconf 90' lang='lat' dir='ltr'>Michaelis,</span> <span class='ocrx_word' id='word_1_349' title='bbox 879 4684 896 4724; x_wconf 87' lang='lat' dir='ltr'>a</span> <span class='ocrx_word' id='word_1_350' title='bbox 929 4679 1016 4745; x_wconf 84' lang='lat' dir='ltr'>parte</span> <span class='ocrx_word' id='word_1_351' title='bbox 1049 4664 1225 4727; x_wconf 91' lang='lat' dir='ltr'>occidentis</span> <span class='ocrx_word' id='word_1_352' title='bbox 1257 4679 1288 4726; x_wconf 91' lang='lat' dir='ltr'>et</span> <span class='ocrx_word' id='word_1_353' title='bbox 1311 4665 1540 4746; x_wconf 90' lang='lat' dir='ltr'>septemtrione</span> 
     </span>
     <span class='ocr_line' id='line_1_40' title="bbox 280 4770 1540 4852; baseline 0 -19"><span class='ocrx_word' id='word_1_354' title='bbox 280 4770 432 4851; x_wconf 90' lang='lat' dir='ltr'>habitam,</span> <span class='ocrx_word' id='word_1_355' title='bbox 449 4785 512 4832; x_wconf 89' lang='lat' dir='ltr'>tres</span> <span class='ocrx_word' id='word_1_356' title='bbox 532 4785 661 4852; x_wconf 89' lang='lat' dir='ltr'>quartas</span> <span class='ocrx_word' id='word_1_357' title='bbox 685 4785 715 4833; x_wconf 89' lang='lat' dir='ltr'>et</span> <span class='ocrx_word' id='word_1_358' title='bbox 732 4790 828 4832; x_wconf 89' lang='lat' dir='ltr'>unam</span> <span class='ocrx_word' id='word_1_359' title='bbox 854 4785 999 4833; x_wconf 88' lang='lat' dir='ltr'>octavam</span> <span class='ocrx_word' id='word_1_360' title='bbox 1024 4772 1110 4833; x_wconf 90' lang='lat' dir='ltr'>inse</span> <span class='ocrx_word' id='word_1_361' title='bbox 1137 4773 1366 4850; x_wconf 88' lang='lat' dir='ltr'>continentem,</span> <span class='ocrx_word' id='word_1_362' title='bbox 1392 4791 1450 4832; x_wconf 91' lang='lat' dir='ltr'>nec</span> <span class='ocrx_word' id='word_1_363' title='bbox 1474 4791 1540 4833; x_wconf 90' lang='lat' dir='ltr'>non</span> 
     </span>
     <span class='ocr_line' id='line_1_41' title="bbox 280 4877 1540 4956; baseline 0 -17"><span class='ocrx_word' id='word_1_364' title='bbox 280 4877 362 4940; x_wconf 91' lang='lat' dir='ltr'>inter</span> <span class='ocrx_word' id='word_1_365' title='bbox 386 4877 465 4938; x_wconf 92' lang='lat' dir='ltr'>duas</span> <span class='ocrx_word' id='word_1_366' title='bbox 488 4877 556 4938; x_wconf 92' lang='lat' dir='ltr'>vias</span> <span class='ocrx_word' id='word_1_367' title='bbox 577 4878 898 4954; x_wconf 87' lang='lat' dir='ltr'>communes,&#39;unatn</span> <span class='ocrx_word' id='word_1_368' title='bbox 923 4879 963 4939; x_wconf 93' lang='lat' dir='ltr'>ab</span> <span class='ocrx_word' id='word_1_369' title='bbox 988 4879 1111 4940; x_wconf 91' lang='lat' dir='ltr'>oriente</span> <span class='ocrx_word' id='word_1_370' title='bbox 1136 4891 1167 4940; x_wconf 91' lang='lat' dir='ltr'>et</span> <span class='ocrx_word' id='word_1_371' title='bbox 1184 4877 1280 4939; x_wconf 88' lang='lat' dir='ltr'>aliam</span> <span class='ocrx_word' id='word_1_372' title='bbox 1306 4898 1322 4938; x_wconf 92' lang='lat' dir='ltr'>a</span> <span class='ocrx_word' id='word_1_373' title='bbox 1348 4877 1540 4956; x_wconf 74' lang='lat' dir='ltr'>meridiem,</span> 
     </span>
     <span class='ocr_line' id='line_1_42' title="bbox 281 4985 1540 5067; baseline -0.002 -21"><span class='ocrx_word' id='word_1_374' title='bbox 281 4986 434 5047; x_wconf 89' lang='lat' dir='ltr'>directam</span> <span class='ocrx_word' id='word_1_375' title='bbox 461 4999 495 5047; x_wconf 94' lang='lat' dir='ltr'>ut</span> <span class='ocrx_word' id='word_1_376' title='bbox 519 4985 635 5048; x_wconf 90' lang='lat' dir='ltr'>dicitur</span> <span class='ocrx_word' id='word_1_377' title='bbox 660 4985 863 5046; x_wconf 88' lang='lat' dir='ltr'>medietatem</span> <span class='ocrx_word' id='word_1_378' title='bbox 882 4985 981 5067; x_wconf 90' lang='lat' dir='ltr'>ipsius</span> <span class='ocrx_word' id='word_1_379' title='bbox 1005 4987 1121 5048; x_wconf 90' lang='lat' dir='ltr'>domus</span> <span class='ocrx_word' id='word_1_380' title='bbox 1138 4999 1168 5046; x_wconf 90' lang='lat' dir='ltr'>et</span> <span class='ocrx_word' id='word_1_381' title='bbox 1193 4985 1299 5046; x_wconf 86' lang='lat' dir='ltr'>celarii</span> <span class='ocrx_word' id='word_1_382' title='bbox 1327 4985 1441 5045; x_wconf 89' lang='lat' dir='ltr'>murati</span> <span class='ocrx_word' id='word_1_383' title='bbox 1468 5004 1540 5065; x_wconf 93' lang='lat' dir='ltr'>pro·</span> 
     </span>
    </p>
   </div>
   <div class='ocr_carea' id='block_1_3' title="bbox 0 0 1932 5798">
    <p class='ocr_par' dir='ltr' id='par_1_6' title="bbox 0 0 1932 5798">
     <span class='ocr_line' id='line_1_43' title="bbox 0 0 1932 5798; baseline 0 0"><span class='ocrx_word' id='word_1_384' title='bbox 0 0 1932 5798; x_wconf 95' lang='lat' dir='ltr'> </span> 
     </span>
    </p>
   </div>
  </div>
 </body>
</html>
