3816 5802
395 572 438 649 46
927 571 1013 628 Anno
1036 582 1130 645 1444.

397 783 496 844 sutori
521 781 589 842 filio
614 780 804 858 Clementis,
836 799 922 840 novo
954 779 1079 840 concivi
1112 793 1233 856 nostro,
1257 778 1472 840 vendiderunt
1502 790 1658 860 perpetuo

397 887 636 970 possidendam.
667 873 672 880 ⁴

504 993 580 1057 Item
595 981 772 1076 Elyza'beth
784 991 900 1052 mulier
911 991 1018 1052 relicta
1033 991 1171 1053 condam
1182 991 1320 1054 Ernerici
1332 989 1495 1070 aurifabri,
1508 991 1660 1072 primum,

398 1115 427 1164 et
451 1102 580 1162 tandem
605 1101 714 1161 relicta
733 1097 862 1180 Mathye
881 1097 1072 1180 Ztahorycb,
1089 1100 1222 1160 totalem
1240 1117 1330 1159 suam
1353 1098 1539 1180 porcionem
1557 1097 1659 1158 cuius·

398 1207 470 1268 dam
496 1207 613 1268 domus
637 1219 759 1268 mutate
784 1217 815 1265 et
839 1203 931 1266 fundi
956 1225 991 1266 ac
1017 1203 1240 1266 hedificiorum
1259 1206 1291 1266 in
1317 1205 1398 1266 dicta
1424 1204 1551 1265 civitate
1576 1203 1659 1264 inter

397 1313 513 1374 domos
535 1327 566 1373 et
588 1311 709 1374 fundos
732 1310 867 1394 provide
892 1310 1036 1372 mulieris
1054 1311 1177 1391 Agathe
1202 1311 1294 1374 aliter
1317 1315 1445 1392 Agycza
1473 1323 1584 1372 vocate
1613 1329 1659 1369 re·

397 1418 471 1479 licte
496 1417 634 1479 condam
653 1416 832 1496 Grozhans,
851 1417 970 1478 sororis
986 1417 1063 1480 dicti
1082 1417 1219 1479 Emerici
1239 1415 1401 1495 aurifabri,
1418 1417 1457 1477 ab
1482 1436 1544 1481 una
1562 1429 1661 1498 parte,

398 1525 437 1585 ab
462 1525 560 1586 altera
585 1543 661 1585 vero
678 1537 766 1605 parte
785 1523 931 1604 Hungari
949 1523 1033 1584 Petri
1051 1523 1170 1602 habite,
1186 1523 1373 1605 porcionem
1392 1521 1541 1584 videlicet
1558 1541 1660 1601 suam,

399 1645 529 1713 aparte
553 1630 703 1692 anteriori
728 1650 785 1691 seu
818 1630 921 1710 platea
954 1629 1120 1690 communi
1154 1631 1194 1691 ab
1219 1629 1342 1690 oriente
1374 1629 1527 1706 habitam,
1559 1647 1656 1690 unam

400 1751 546 1798 octavam
573 1749 603 1798 et
625 1737 758 1799 terciam
777 1741 901 1818 pa'rtem
917 1735 1013 1796 unius
1036 1749 1148 1798 octave
1166 1736 1253 1796 curie
1270 1736 1302 1796 in
1326 1755 1360 1796 se
1377 1736 1567 1812 habentem;
1584 1735 1659 1796 item

400 1842 603 1904 medietatem
630 1841 795 1904 cuiusdam
821 1841 929 1922 (h)orti
955 1853 1041 1903 extra
1066 1843 1192 1904 Novam
1210 1855 1335 1924 portam
1360 1842 1496 1904 civitatis
1520 1841 1660 1923 predicte

403 1950 434 2010 in
468 1949 630 2010 vicinitate
663 1946 771 2028 (hlorti
803 1947 923 2008 Vrbani
956 1947 1049 2028 jurati
1083 1947 1216 2029 predicti
1249 1967 1285 2010 ac
1316 1949 1492 2012 liberorum
1524 1947 1660 2009 condam

403 2055 500 2116 Blasii
526 2055 673 2137 Fiatvyn,
698 2073 714 2114 a
740 2052 930 2132 meridione,
948 2067 978 2116 et
1002 2053 1083 2115 inter
1101 2054 1168 2114 vias
1185 2070 1373 2116 communes
1389 2071 1405 2116 a
1423 2054 1662 2136 septemtrione,

401 2163 525 2224 oriente
549 2175 579 2222 et
603 2160 769 2222 occidente
794 2160 930 2237 habitas,
955 2160 1006 2222 siti
1039 2175 1070 2222 et
1094 2160 1267 2240 existentis,
1300 2161 1486 2242 porcionem
1511 2160 1661 2222 videlicet

405 2287 495 2328 suam
532 2267 803 2348 aseptemtrione
834 2265 978 2347 predicto
1010 2265 1220 2346 adjacentem,
1252 2287 1325 2328 cum
1359 2267 1423 2328 suis
1458 2267 1662 2349 pertinenciis

400 2374 531 2434 domine
550 2373 726 2454 Elyzabeth
743 2372 852 2434 relicte
876 2373 1013 2434 condam
1033 2373 1172 2434 Ladislai
1199 2372 1348 2434 aurifabri
1368 2393 1425 2455 pro
1442 2387 1562 2455 septem
1589 2392 1660 2434 curn

400 2479 508 2540 medio
540 2478 609 2540 flor.
634 2479 701 2539 auri
735 2478 880 2540 vendidit
912 2493 1067 2561 perpetuo
1097 2479 1324 2560 possidendam
1356 2493 1387 2540 et
1411 2478 1582 2562 superinde
1615 2493 1662 2540 est

400 2586 489 2646 litera
513 2587 572 2646 sub
597 2585 750 2667 pendenti
775 2583 882 2664 sigillo
907 2586 1147 2646 communitatis
1172 2601 1329 2646 emanata.

504 2692 582 2754 ltem
608 2691 730 2776 Symon
755 2689 840 2752 filius
866 2690 962 2752 Blasii
998 2690 1036 2751 de
1070 2691 1193 2752 Nowak
1218 2691 1381 2772 quandam
1414 2691 1547 2752 domum
1572 2710 1662 2750 suam

401 2819 473 2860 cum
500 2797 600 2858 fundo
625 2810 655 2859 et
687 2796 844 2858 hedificiis
877 2797 908 2856 in
941 2797 1013 2857 vico
1045 2811 1154 2858 nostro
1187 2798 1335 2858 exteriori
1362 2798 1442 2858 inter
1474 2797 1607 2857 domum
1633 2811 1664 2858 et

400 2904 536 2966 fundum
563 2904 674 2965 Jacobi
692 2904 809 2964 sutoris
834 2917 864 2964 et
886 2923 977 2963 secus
994 2903 1061 2964 vias
1078 2923 1268 2966 communes
1285 2903 1437 2982 habitam,
1455 2922 1551 2964 unam
1569 2922 1662 2983 quar-

399 3025 462 3072 tam
488 3011 575 3072 curie
600 3011 631 3070 in
657 3030 689 3072 se
714 3009 896 3088 habentem,
933 3029 969 3070 ac
1000 3009 1099 3070 alium
1133 3008 1269 3071 fundum
1302 3028 1395 3071 suum
1420 3028 1556 3070 vacuum
1582 3007 1664 3070 inter

401 3116 518 3178 fundos
542 3116 690 3177 similiter
707 3135 826 3176 vacuos
844 3113 958 3196 prefati
976 3115 1086 3176 Jacobi
1112 3129 1142 3176 et
1159 3117 1242 3177 Petri
1260 3116 1376 3176 sutoris
1394 3113 1548 3193 habitum,
1565 3133 1661 3174 unam

400 3223 547 3284 similiter
571 3237 718 3304 quartam
743 3221 828 3282 curie
855 3223 885 3280 in
911 3241 943 3281 se
968 3222 1199 3301 continentem,
1220 3221 1365 3283 Fabiano
1389 3221 1487 3282 sutori
1513 3218 1580 3281 filio
1598 3223 1662 3280 An·

401 3330 503 3392 thonii
529 3329 568 3390 de
595 3329 769 3412 Bothyncz,
794 3347 880 3388 novo
906 3328 1030 3389 concivi
1059 3343 1182 3406 nostro,
1212 3328 1359 3390 vendidit
1383 3342 1538 3410 perpetuo
1563 3326 1663 3408 possi-

403 3435 541 3496 dendam
566 3449 597 3496 et
620 3434 792 3516 superinde
820 3447 867 3494 est
899 3434 989 3494 litera
1013 3435 1073 3494 sub
1104 3434 1258 3516 pendenti
1282 3434 1390 3515 sigillo
1422 3433 1663 3496 communitatis

401 3555 559 3604 emanata.

508 3647 584 3708 ltem
612 3645 775 3708 Dorothea
800 3647 916 3707 mulier
947 3645 1012 3707 filia
1045 3645 1182 3707 condam
1206 3646 1369 3707 Valentini
1402 3647 1562 3728 arcuparis
1598 3666 1662 3707 me·

401 3755 552 3815 dietatem
571 3753 736 3814 cuiusdam
755 3753 881 3831 domus,
903 3752 994 3814 fundi
1012 3767 1042 3813 et
1059 3753 1166 3814 celarii
1185 3753 1382 3814 subterranei
1409 3773 1467 3814 nec
1492 3773 1556 3813 non
1576 3752 1662 3812 hedi-

401 3859 546 3922 iiciorum
573 3861 603 3920 in
629 3860 701 3921 vico
726 3874 835 3921 nostro
861 3861 1009 3921 exteriori
1042 3859 1273 3920 theuthonicali
1308 3860 1388 3920 inter
1412 3859 1527 3920 domos
1552 3859 1662 3920 Domi·

402 3967 464 4028 nici
490 3965 643 4028 feretrarii
669 3981 700 4028 et
732 3966 910 4030 Clementis
943 3966 1070 4045 sutoris,
1103 3967 1142 4028 ab
1177 3987 1239 4028 una
1265 3980 1365 4048 parte,
1399 3968 1439 4028 ab
1464 3967 1562 4028 altera
1587 3985 1663 4026 vero

401 4085 490 4155 parte
514 4071 670 4133 lohannis
701 4074 831 4134 sartoris
863 4087 893 4134 et
922 4073 1004 4134 Petri
1037 4073 1269 4134 barbitonsoris
1304 4073 1421 4151 habite,
1446 4093 1543 4134 unam
1575 4071 1662 4132 vide-

401 4179 476 4242 licet
499 4192 643 4261 quartam
670 4179 758 4240 curie
784 4179 814 4240 in
847 4199 880 4240 se
913 4179 1143 4256 continentem,
1168 4179 1355 4260 porcionem
1388 4179 1539 4239 videlicet
1562 4197 1663 4255 suam,

402 4284 509 4346 Blasio
534 4283 685 4366 frenipari
718 4283 785 4346 filio
818 4284 966 4365 Gregorii
997 4285 1037 4345 de
1071 4284 1198 4366 Bykzad
1232 4285 1367 4346 domino
1400 4298 1429 4345 et
1465 4285 1580 4345 marito
1604 4303 1663 4345 suo

401 4389 560 4471 legittimo
584 4391 716 4452 donavit
740 4404 896 4472 perpetuo
921 4390 1161 4473 possidendam.

507 4495 585 4558 ltem
611 4495 791 4578 Stephanus
814 4495 956 4579 pellifex,
982 4495 1188 4557 medietatem
1218 4497 1383 4558 cuiusdam
1410 4495 1536 4574 domus,
1562 4494 1664 4572 fundi,

401 4601 574 4684 celariique
597 4603 795 4664 subterranei
820 4623 855 4664 ac
879 4601 1104 4664 hedificiorum
1128 4603 1159 4662 in
1185 4602 1256 4664 vico
1281 4617 1391 4663 nostro
1413 4601 1563 4663 exteriori
1582 4601 1664 4662 inter

402 4707 517 4770 domos
541 4707 697 4771 Anthonii
722 4709 885 4789 arcuparis
909 4722 939 4768 et
972 4709 1149 4770 liberorum
1175 4707 1306 4789 Georgii
1339 4707 1500 4769 Wrabech
1526 4727 1561 4768 ac
1584 4707 1663 4768 libe—

401 4833 510 4878 rorum
534 4814 672 4876 condam
697 4814 788 4876 Pauli
814 4813 1011 4886 Dauidovvcz
1035 4814 1154 4892 habite,
1179 4815 1366 4896 porcionem
1392 4814 1544 4875 videlicet
1561 4832 1664 4892 suam,

402 4940 499 4982 unam
525 4933 671 5002 quartam
698 4920 784 4982 curie
810 4919 841 4980 in
866 4939 899 4980 se
917 4919 1147 4996 continentem,
1165 4919 1293 4981 Thome
1313 4919 1462 5001 frenipari
1480 4917 1547 4981 tilio
1566 4919 1662 4980 Blasii

403 5027 527 5087 concivi
555 5040 663 5088 nostro
688 5026 831 5088 vendidit
857 5041 1012 5108 perpetuo
1037 5026 1275 5107 possidendam.
