3832 5804
800 529 887 587 Anno
909 540 1002 607 1459.
1474 529 1533 609 187

272 756 400 806 centum
426 743 576 805 denarios
600 762 657 826 pro
682 756 828 825 tempore
860 741 1013 803 usualiter
1037 754 1210 820 currentes,
1243 760 1343 802 unum
1375 758 1533 822 caponem

270 864 301 911 et
324 869 382 932 pro
408 870 473 912 uno
498 849 631 912 denario
656 867 772 932 panem
799 849 831 910 in
856 848 937 910 festo
962 849 1045 911 beati
1072 847 1200 910 Martini
1226 848 1368 930 episcopi
1393 847 1532 930 plebano

270 955 414 1018 eiusdem
438 957 571 1018 ecclesie
596 975 654 1039 pro
689 970 835 1037 ternpore
868 955 1042 1017 constituto
1074 955 1308 1016 amministrare
1341 954 1472 1016 debebit
1503 967 1535 1016 et

270 1065 475 1142 tenebuntur,
508 1063 563 1124 ubi
596 1077 702 1124 autem
734 1062 888 1144 premissa
921 1060 1023 1123 lacere
1059 1062 1284 1140 recusaverint,
1317 1073 1431 1122 extunc
1457 1079 1532 1122 mox

271 1169 386 1231 cadant
418 1169 457 1231 de
483 1170 581 1231 domo
614 1170 713 1252 ipsius
738 1167 828 1231 fundi
854 1182 885 1230 et
916 1167 1033 1230 fundus
1057 1187 1152 1251 super
1183 1169 1358 1250 plebanum
1392 1166 1532 1250 predicte

270 1277 402 1338 ecclesie
427 1276 617 1338 devolvatur
641 1295 699 1358 pro
724 1274 826 1352 fact0;
850 1275 911 1336 hoc
944 1275 1044 1336 eciam
1078 1295 1237 1357 expresso,
1266 1274 1354 1356 quod
1378 1293 1437 1336 nec
1461 1293 1531 1356 pre·

271 1381 354 1444 fatus
379 1383 576 1445 Laurencius
601 1402 661 1444 nee
685 1383 733 1442 sui
757 1381 890 1442 heredes
914 1395 944 1443 et
961 1401 1159 1443 successores
1182 1381 1321 1442 universi
1347 1400 1364 1441 a
1388 1379 1532 1462 jurisdic-

270 1490 361 1552 cione
387 1489 523 1551 civitatis
548 1488 678 1550 devolvi
702 1507 766 1549 oon
792 1488 920 1550 valeant
946 1508 1050 1569 ueque
1074 1488 1208 1570 possint,
1233 1501 1264 1548 et
1289 1486 1462 1568 superinde
1487 1499 1533 1548 est

269 1597 328 1659 sibi
350 1597 440 1658 litera
465 1598 524 1658 sub
549 1595 702 1678 pendenti
727 1595 835 1676 sigillo
861 1609 1018 1658 emanata.

377 1703 455 1765 Item
481 1703 617 1765 Mathias
641 1703 719 1764 alias
743 1701 883 1764 carnifex
902 1702 1005 1764 dictus
1027 1701 1248 1764 Kerzowalicz
1277 1699 1441 1782 quandam
1466 1719 1530 1762 me·

271 1810 421 1872 dietatem
446 1810 498 1872 vel
522 1809 620 1892 paulo
643 1811 715 1892 plus
743 1809 909 1871 cuiusdam
942 1808 1051 1892 (h)orti
1076 1809 1124 1871 sui
1157 1808 1189 1870 in
1214 1807 1370 1870 suburbio
1394 1806 1532 1868 civitatis

271 1917 412 1999 predicte
439 1917 521 1978 inter
538 1916 672 1999 (h)ortos
697 1917 755 1978 viri
774 1915 899 1998 providi
918 1931 949 1978 et
966 1916 1091 1978 honesti
1111 1915 1288 1978 Sebastiani
1308 1915 1428 1976 waak
1446 1912 1533 1992 dicti,

270 2025 309 2085 ab
334 2024 512 2103 occidente,
537 2044 572 2084 ac
589 2023 744 2086 lobannis
761 2023 895 2084 senioris
912 2022 1026 2102 judicis
1052 2037 1082 2084 et
1099 2022 1240 2084 concivis
1265 2021 1364 2082 nostri
1380 2018 1438 2082 lilii
1456 2039 1532 2081 con·

271 2129 345 2192 darn
370 2131 450 2192 Pero
481 2129 628 2210 jurati,a
660 2129 856 2208 meridione,
891 2129 1034 2210 Georgio
1066 2130 1192 2192 literato
1226 2127 1291 2190 lilio
1317 2127 1465 2208 Gregorii
1490 2126 1529 2187 de

272 2237 457 2315 Prodawcz,
482 2237 605 2298 concivi
631 2251 750 2314 nostro,
776 2256 810 2297 ac
828 2257 883 2318 per
901 2256 973 2296 eum
998 2236 1063 2297 suis
1080 2235 1251 2296 heredibus
1275 2253 1333 2316 pro
1358 2233 1530 2296 duodecim

270 2339 339 2403 flor.
365 2343 432 2403 auri
461 2341 608 2403 vendidit
639 2355 795 2424 perpetuo
828 2341 1058 2422 possidendum
1092 2355 1122 2402 et
1145 2339 1318 2422 superinde
1349 2341 1440 2401 litera
1473 2340 1532 2400 sub

270 2447 422 2530 pendenti
462 2449 570 2530 sigillo
603 2449 841 2510 communitatis
866 2464 912 2509 est
935 2449 995 2510 sibi
1022 2463 1178 2510 emanata.

375 2555 452 2616 ltem
480 2555 622 2616 Marinus
645 2553 729 2616 filius
754 2555 865 2616 Klario
891 2555 929 2615 de
955 2554 1084 2635 Segnia,
1113 2554 1191 2616 alias
1214 2553 1310 2634 judex
1335 2567 1366 2614 et
1389 2551 1531 2614 concivis

270 2675 386 2742 noster,
411 2661 589 2722 avunculus
621 2681 695 2722 vero
727 2681 762 2722 ac
794 2663 990 2740 gubernator
1022 2675 1052 2722 et
1083 2674 1244 2743 protector
1275 2659 1450 2720 liberorum
1475 2677 1532 2720 seu

270 2787 488 2830 successorum
514 2787 549 2828 ac
583 2767 738 2829 heredum
771 2768 907 2830 condam
941 2767 1068 2829 Thome
1100 2765 1157 2828 filii
1188 2766 1314 2846 Chwni,
1339 2767 1371 2828 in
1396 2785 1531 2849 persona

271 2874 459 2936 eorumdem
498 2875 673 2936 liberorum
706 2873 868 2956 quandam
900 2875 1014 2936 silvam
1046 2873 1242 2955 prefatorum
1267 2874 1443 2935 liberorum
1475 2892 1532 2934 seu

270 2999 488 3042 successorum
512 2999 548 3042 ac
572 2980 727 3042 heredum
753 2981 852 3062 ipsius
884 2981 1021 3042 condam
1047 2981 1175 3043 Thome
1200 2979 1293 3060 jurati
1330 2979 1412 3040 inter
1436 2979 1532 3040 silvas

271 3087 447 3148 liberorum
473 3107 528 3148 seu
553 3107 771 3148 successorum
790 3089 926 3150 condam
947 3089 1125 3150 Sebastiani
1151 3087 1312 3165 Soldinar‚
1337 3107 1354 3147 a
1378 3085 1530 3150 meridio-

270 3193 334 3254 nali
359 3208 458 3276 parte,
484 3207 515 3256 et
540 3193 674 3256 Erhardi
698 3194 944 3256 Hohenberthar
976 3196 1054 3257 alias
1078 3196 1235 3276 capitanei
1261 3194 1300 3256 de
1327 3193 1488 3271 Medwed,
1514 3213 1531 3254 a

271 3300 524 3382 septemtrionali
550 3315 650 3382 parte,
674 3300 848 3362 Valentino
872 3301 969 3382 judici
994 3315 1104 3363 nostro
1134 3301 1292 3364 moderno
1317 3321 1352 3363 ac
1377 3321 1432 3382 per
1456 3318 1530 3360 eum

270 3407 334 3467 suis
358 3405 530 3468 heredibus
555 3427 612 3488 pro
637 3409 781 3490 quinque
806 3409 875 3471 lior.
901 3409 1045 3470 vendidit
1068 3423 1224 3491 perpetuo
1248 3407 1476 3490 possidendam
1501 3420 1532 3467 et

272 3513 443 3594 superinde
468 3516 526 3575 sub
552 3515 704 3596 pendenti
737 3515 844 3597 sigillo
873 3515 963 3578 litera
997 3529 1103 3578 nostre
1135 3515 1374 3578 communitatis
1402 3527 1449 3576 est
1471 3512 1531 3574 sibi

273 3634 429 3681 emanata.

380 3726 458 3788 ltem
484 3728 627 3790 Marinus
652 3727 736 3790 filius
762 3729 873 3791 Klario
894 3729 933 3790 de
952 3729 1079 3809 Segnia,
1104 3729 1182 3789 alias
1206 3728 1301 3808 judex
1330 3741 1361 3789 et
1390 3726 1531 3788 concivis

272 3845 388 3911 noster,
412 3835 573 3913 quendam
599 3834 751 3915 (h)ortum
777 3855 869 3896 suum
895 3837 926 3896 in
953 3836 1107 3896 suburbio
1138 3835 1273 3896 civitatis
1290 3835 1431 3916 predicte
1449 3834 1531 3896 inter

272 3938 405 4020 (h)ortos
429 3941 554 4002 Nicolai
579 3939 635 4002 filii
662 3941 816 4002 Demetrii
840 3943 975 4004 senioris
999 3942 1113 4024 judicis
1138 3956 1169 4003 et
1193 3941 1334 4003 concivis
1352 3941 1465 4019 nostri,
1489 3942 1529 4001 ab

272 4045 405 4124 oriente,
431 4059 461 4108 et
485 4047 616 4108 domine
644 4048 844 4129 Margaretha
862 4061 972 4110 vocate
998 4049 1106 4110 relicte
1124 4047 1261 4110 condam
1288 4048 1385 4109 Blasii
1403 4046 1530 4130 judicis,

272 4152 311 4212 ab
328 4152 506 4230 occidente,
530 4153 703 4215 Valentino
728 4153 795 4215 filio
821 4154 986 4216 Michaelis
1001 4154 1099 4236 judici
1114 4171 1223 4216 nostro
1240 4155 1398 4216 moderno
1422 4174 1530 4236 supra·

271 4257 356 4318 dicto
381 4278 416 4319 ac
440 4277 497 4340 per
521 4279 595 4320 eum
619 4261 683 4321 suis
716 4260 886 4322 heredibus
910 4282 968 4340 pro
991 4261 1144 4323 tredecim
1177 4261 1245 4324 flor.
1278 4261 1347 4322 auri
1383 4261 1529 4323 vendidit

270 4378 425 4446 perpetuo
460 4366 691 4447 possidendum
727 4382 757 4428 et
792 4367 963 4449 superinde
1011 4370 1069 4429 sub
1110 4368 1262 4450 pendenti
1297 4368 1403 4449 sigillo
1439 4369 1530 4430 litera

271 4482 376 4532 nostre
402 4473 641 4534 communitatis
665 4487 711 4534 est
734 4474 794 4534 sibi
820 4488 976 4536 emanata.

376 4577 454 4638 ltem
479 4579 630 4659 magister
663 4581 815 4642 Nicolaus
847 4581 990 4644 medicus
1014 4580 1098 4642 filius
1131 4583 1268 4644 condam
1295 4582 1436 4663 magistri
1462 4583 1529 4642 Ma-

269 4683 368 4746 theoli
393 4684 432 4745 de
457 4685 586 4764 Fulino,
611 4687 773 4768 quandam
799 4688 933 4749 domurn
959 4709 1049 4750 suam
1073 4689 1169 4750 simul
1200 4710 1272 4751 curn
1292 4689 1393 4751 fundo
1417 4709 1453 4751 ac
1477 4709 1529 4750 ce·

270 4790 350 4851 lario
374 4791 594 4870 subterraneo,
620 4813 677 4853 nec
710 4813 774 4854 non
808 4793 942 4855 edificiis
974 4795 1114 4856 indicta
1143 4797 1268 4856 civitate
1302 4812 1408 4856 nostra
1445 4809 1529 4857 retro

270 4897 436 4958 ecclesiam
462 4913 603 4959 nostram
626 4901 842 4981 parochialem
868 4901 950 4962 beati
969 4902 1067 4963 Marci
1085 4903 1291 4982 ewangeliste
1316 4903 1397 4963 inter
1414 4902 1529 4964 domos

270 5017 301 5064 et
325 5001 442 5066 fundos
467 5003 621 5068 Demetrii
646 5006 760 5068 rasoris
777 5026 956 5088 pannorum
976 5027 993 5070 a
1011 5008 1215 5072 meridionali
1240 5021 1328 5091 parte
1347 5022 1376 5072 et
1400 5010 1528 5072 Andree
