3832 5804
435 531 493 592 182
969 531 1057 590 Anno
1079 526 1172 608 1458.

430 743 576 807 liciorum
602 744 684 806 inter
709 744 825 805 domos
848 757 880 806 et
902 741 1021 806 fundos
1046 743 1126 826 Elye
1143 743 1260 804 sutoris
1283 755 1314 804 et
1330 743 1411 804 inter
1429 741 1565 804 fundum
1582 742 1690 825 hospi·

429 852 503 915 talis
527 852 626 914 nostri
651 852 833 913 communis
858 851 976 930 habite,
1008 872 1026 912 a
1058 865 1146 932 parte
1171 850 1339 932 posteriori
1376 849 1480 928 sitam,
1503 851 1691 932 porcionem

430 957 581 1020 videlicet
604 977 704 1036 suam,
731 957 870 1019 mediam
896 958 1017 1019 curiam
1044 957 1076 1019 in
1110 977 1142 1018 se
1168 957 1397 1035 continentem,
1430 957 1536 1019 eidem
1561 956 1689 1040 Mathye

431 1065 630 1147 carpentario
653 1084 774 1145 genero
799 1083 857 1124 suo
892 1065 1041 1125 similiter
1072 1064 1190 1146 legavit
1221 1079 1375 1146 perpetuo
1406 1062 1632 1146 possidendam
1663 1076 1693 1124 et

431 1171 602 1255 superinde
619 1185 693 1232 sunt
709 1171 768 1232 sibi
793 1171 884 1232 litere
901 1173 960 1232 sub
979 1171 1132 1254 pendenti
1153 1171 1259 1252 sigillo
1285 1170 1524 1232 communitatis
1537 1183 1691 1232 emanate.

537 1277 614 1339 Item
640 1277 771 1360 Mathye
797 1277 971 1362 waarych
998 1291 1029 1340 et
1053 1277 1185 1339 domine
1204 1276 1367 1340 Dorothee
1384 1278 1523 1338 consorti
1548 1295 1615 1356 sue,
1640 1276 1692 1337 he·

432 1383 562 1446 redibus
589 1383 744 1465 ipsorum,
769 1383 979 1444 commissarii
1004 1397 1035 1445 et
1056 1397 1240 1446 executores
1270 1383 1450 1446 testamenti
1475 1384 1612 1445 condam
1637 1382 1692 1444 do·

432 1491 518 1552 mine
544 1489 718 1550 Katherine
736 1489 844 1550 relicte
869 1489 1006 1552 condam
1024 1488 1215 1552 Christolori
1233 1491 1362 1551 vineam
1390 1489 1535 1550 eiusdem
1552 1489 1690 1551 condam

432 1596 563 1657 domine
589 1595 763 1658 Katherine
788 1595 1004 1658 vendiderunt
1027 1609 1182 1678 perpetuo
1214 1595 1440 1678 possidendam
1465 1609 1496 1658 et
1519 1595 1690 1678 superinde

432 1715 479 1765 est
502 1703 548 1764 eis
572 1703 663 1764 litera
695 1703 754 1763 sub
786 1702 939 1784 pendenti
971 1702 1078 1782 sigillo
1102 1703 1342 1764 communitatis
1366 1716 1522 1766 emanata.

539 1809 614 1870 ltem
642 1807 737 1870 frater
755 1808 893 1870 Michael
912 1807 1075 1870 Heremita
1093 1807 1178 1870 filius
1195 1807 1360 1890 Stephani,
1384 1808 1546 1889 quandam
1565 1808 1690 1868 vineam

433 1936 523 1978 susm
549 1923 581 1977 in
605 1916 765 1977 territorio
782 1916 918 1978 civitatis
935 1915 1016 1976 inter
1040 1916 1166 1976 vineam
1184 1915 1357 1977 liberorum
1380 1915 1516 1976 condam
1537 1913 1690 1995 Stephani

433 2023 509 2084 dicti
528 2021 715 2105 Skerthych,
739 2043 755 2082 a
773 2023 1013 2104 septemtrione,
1030 2035 1061 2082 et
1078 2021 1160 2084 inter
1183 2021 1309 2083 vineam
1328 2020 1456 2103 Mathye
1475 2019 1691 2104 Kerzowaych

433 2129 653 2190 ameridione
678 2129 830 2206 habitam,
857 2129 949 2188 Petro
978 2129 1141 2210 purgatori
1173 2128 1355 2208 gladiorum
1387 2147 1423 2188 ac
1447 2146 1504 2208 per
1528 2146 1601 2188 eum
1627 2126 1692 2186 suis

433 2236 604 2297 heredibus
628 2254 685 2317 pro
711 2235 860 2296 undecim
885 2233 954 2294 flor.
978 2235 1046 2295 auri
1071 2234 1216 2295 vendidit
1233 2248 1387 2316 perpetuo
1412 2233 1640 2315 possidendam
1658 2247 1688 2293 et

435 2341 606 2425 superinde
625 2354 671 2402 est
691 2341 750 2402 sibi
778 2340 868 2402 litera
893 2342 952 2401 sub
978 2340 1129 2421 pendenti
1148 2339 1255 2420 sigillo
1273 2341 1512 2401 communitatis
1536 2353 1692 2402 emanata.

540 2449 615 2509 Item
643 2448 839 2509 Laurentius
863 2447 948 2508 filius
972 2447 1109 2508 condam
1137 2447 1300 2508 Benedicti
1326 2447 1443 2508 Lewalr
1468 2446 1508 2508 de
1534 2446 1691 2527 Rakarya,

433 2554 596 2636 quandam
620 2555 747 2615 vineam
773 2573 863 2614 suam
889 2553 1147 2614 condicionalem
1174 2554 1255 2614 inter
1273 2553 1399 2614 vineam
1416 2553 1563 2614 similiter
1581 2551 1691 2612 condi·

434 2661 592 2722 cionalem
626 2661 723 2721 Lucie
757 2661 901 2721 mulieris
932 2659 1040 2720 relicte
1073 2659 1209 2721 condam
1244 2659 1339 2720 Blasii
1377 2658 1528 2740 agricole,
1562 2669 1691 2740 aparte

434 2767 651 2845 meridionali,
665 2781 695 2828 et
718 2767 800 2828 inter
817 2767 943 2828 vineam
969 2766 1115 2828 similiter
1132 2765 1388 2828 condicionalem
1406 2764 1549 2845 magistri
1566 2763 1692 2825 Nicolai

434 2873 549 2935 medici
574 2894 591 2934 a
616 2887 703 2955 parte
726 2873 978 2955 septemtrionali
1011 2871 1163 2952 habitam,
1181 2872 1220 2934 de
1238 2892 1301 2954 qua
1325 2885 1411 2933 sexta
1428 2891 1499 2953 pars
1521 2871 1588 2932 vini
1605 2889 1695 2931 com·

434 2981 582 3042 munitati
607 2980 761 3061 procedit,
787 2979 932 3041 vendidit
957 2979 1036 3062 Elye
1061 2979 1278 3060 campanatori
1297 2977 1363 3040 filio
1386 2978 1550 3040 Benedicti
1575 2976 1615 3040 de
1633 2977 1691 3037 Ρο-

434 3105 508 3166 sega
533 3099 688 3168 perpetuo
706 3085 934 3167 possidendam
959 3099 990 3146 et
1013 3085 1185 3166 superinde
1203 3099 1250 3146 est
1266 3085 1325 3147 sibi
1350 3085 1440 3146 litera
1457 3085 1515 3145 sub
1540 3083 1692 3166 pendenti

434 3192 540 3272 sigillo
565 3180 804 3254 communitatis
828 3207 984 3254 emanata.

539 3299 617 3360 ltem
641 3319 754 3361 omnes
778 3300 996 3381 possessiones
1020 3313 1051 3360 et
1074 3299 1245 3381 porciones
1269 3299 1518 3380 possessionarie
1544 3296 1695 3358 videlicet

434 3405 550 3467 domus
576 3421 640 3468 tam
666 3421 788 3467 murare
814 3426 910 3487 quam
936 3406 1054 3487 lignee,
1072 3419 1103 3466 et
1120 3406 1212 3467 vinee
1230 3425 1266 3468 ac
1291 3407 1370 3468 silve
1394 3419 1425 3466 et
1441 3420 1522 3466 terre
1547 3403 1693 3480 arabiles,

435 3532 470 3572 ac
495 3510 604 3594 (h)orti
629 3527 659 3574 et
684 3512 793 3574 fenilia
818 3533 853 3574 ac
878 3513 939 3574 alie
957 3513 1070 3593 quevis
1087 3513 1305 3593 possessiones
1321 3526 1352 3573 et
1376 3512 1546 3594 porciones
1570 3528 1692 3592 posses·

434 3618 572 3678 sionarie
591 3619 718 3680 Martini
737 3619 861 3700 judicis,
879 3619 1014 3680 senioris
1030 3618 1144 3700 judicis
1157 3633 1188 3679 et
1204 3619 1346 3680 concivis
1357 3619 1459 3682 nostri
1476 3616 1533 3679 filii
1552 3616 1692 3694 Thome,

434 3743 514 3805 quas
537 3726 576 3786 ab
601 3725 715 3787 eodem
735 3726 873 3786 Martino
897 3725 1002 3806 judice
1019 3726 1156 3786 condam
1174 3725 1326 3788 dominus
1338 3725 1464 3788 Vlricns
1482 3744 1590 3786 comes
1608 3722 1692 3786 Cilie

434 3832 555 3912 absque
579 3833 668 3892 omni
693 3833 786 3914 culpa
817 3833 916 3912 ipsius
948 3833 1077 3893 Martini
1109 3831 1223 3913 judicis
1255 3831 1477 3914 potencialiter
1510 3831 1640 3893 abstulit
1663 3841 1693 3890 et

434 3938 573 3999 Martino
599 3937 741 4020 Czypser
766 3939 897 4000 dederat
926 3957 983 4019 pro
1016 3939 1157 4000 serviciis
1189 3940 1265 4018 suis,
1290 3939 1394 4001 eidem
1430 3938 1568 4000 Martino
1594 3937 1691 4018 judici

434 4065 472 4107 eo
497 4044 564 4126 jure
589 4064 654 4125 quo
680 4047 746 4126 ipse
764 4065 816 4106 eas
841 4045 928 4126 prius
952 4045 1035 4124 justo
1057 4045 1155 4106 modo
1172 4046 1324 4128 possedit,
1349 4065 1405 4127 per
1430 4044 1691 4106 commissionem

434 4163 464 4211 et
489 4151 675 4212 auctoritate
700 4151 864 4212 literarum
890 4151 1048 4231 regalium
1066 4151 1189 4212 domini
1210 4151 1349 4213 Ladislai
1369 4151 1462 4232 regis,
1488 4171 1544 4233 per
1568 4149 1692 4230 adjudi-

434 4257 598 4317 cationem
624 4256 800 4336 juratorum
826 4271 899 4318 sunt
931 4257 1112 4337 adjudicate
1144 4273 1175 4320 et
1198 4271 1314 4320 statute
1345 4279 1381 4320 ac
1405 4257 1592 4320 confirmate
1623 4277 1692 4339 per·

433 4375 531 4444 petuo
556 4363 750 4444 possidende
776 4377 807 4424 et
839 4363 1011 4445 superinde
1044 4365 1149 4426 eidem
1175 4365 1314 4428 Martino
1347 4380 1393 4427 est
1417 4366 1507 4426 litera
1532 4365 1591 4425 sub
1615 4383 1692 4446 pen·

434 4468 521 4530 denti
545 4468 652 4549 sigillo
677 4471 916 4530 communitatis
940 4484 1098 4533 emanata.

539 4575 617 4636 ltem
643 4575 744 4636 Elena
762 4577 870 4637 relicta
888 4576 1025 4637 condam
1050 4578 1179 4639 Andree
1195 4579 1312 4640 sutoris
1337 4579 1368 4639 in
1392 4598 1448 4639 sua
1474 4591 1505 4640 et
1529 4577 1691 4640 Dorothee

433 4700 469 4742 ac
501 4681 635 4761 Agnetis
665 4679 801 4742 filiarum
835 4702 963 4744 suarum
997 4683 1159 4764 personis,
1192 4684 1354 4765 quandam
1387 4685 1515 4745 vineam
1540 4703 1630 4746 suam
1662 4697 1692 4744 et

435 4788 572 4868 ipsarum
590 4786 727 4849 filiarum
745 4789 776 4848 in
793 4789 953 4850 territorio
972 4803 1080 4850 nostro
1097 4810 1153 4852 seu
1175 4791 1310 4852 civitatis
1327 4789 1447 4873 prefate
1465 4791 1546 4851 inter
1565 4791 1690 4852 vineam

434 4895 575 4974 magistri
590 4894 716 4956 Nicolai
730 4896 846 4957 medici
865 4911 895 4957 et
909 4897 993 4958 Petri
1011 4897 1156 4958 Katbana
1185 4899 1260 4960 dicti
1279 4899 1421 4959 habitam
1445 4911 1477 4961 et
1492 4898 1690 4976 existentem,

434 4999 538 5062 eidem
564 5001 716 5084 magistro
742 5002 876 5064 Nicolao
900 5003 1027 5066 medico
1051 5023 1109 5086 pro
1127 5005 1272 5088 quinque
1296 5003 1365 5068 flor.
1383 5005 1453 5066 auri
1477 5005 1691 5069 vendiderunt
