3832 5804
353 543 359 552 '
390 553 452 596 202
920 536 1007 594 Anno
1027 531 1122 613 1460.

388 768 474 810 anno
499 749 612 829 viginti
635 749 781 831 quinque
814 748 963 810 denarios
994 767 1053 832 pro
1087 761 1232 831 tempore
1264 760 1426 811 curreutes
1448 748 1572 809 solvere
1597 747 1652 810 de-

389 856 545 934 buissent,
569 869 676 917 tamen
706 855 799 916 nobis
830 854 1023 936 supplicavit
1053 869 1088 917 ut
1120 856 1254 918 eandem
1289 855 1494 917 medietatem
1519 855 1559 915 ab
1583 854 1653 935 ipsa
1696 898 1702 906 .

388 962 554 1025 solucione
579 962 809 1044 premissorum
827 961 940 1042 viginti
959 961 1103 1043 quinque
1121 962 1327 1023 denariorum
1346 961 1484 1021 eximere
1502 974 1534 1021 et
1557 960 1651 1020 liber·

387 1083 453 1130 tare
479 1069 697 1150 dignaremur,
722 1087 820 1150 quam
839 1087 898 1129 nos
915 1067 1086 1131 eximimus
1102 1085 1132 1130 et
1148 1069 1336 1130 libertamus
1353 1067 1492 1129 adinstar
1516 1065 1652 1126 aliarum

387 1175 555 1236 vinearum
580 1189 761 1236 nostrarum
795 1175 969 1235 liberarum
1002 1189 1033 1236 et
1064 1175 1238 1256 superinde
1270 1193 1329 1236 uos
1361 1173 1485 1234 literam
1510 1185 1652 1233 nostram

389 1281 623 1364 privilegialem
648 1282 707 1342 sub
740 1279 894 1362 pendenti
927 1280 1035 1362 sigillo
1067 1280 1172 1342 eidem
1205 1279 1353 1340 dedimus
1385 1299 1419 1340 er
1449 1277 1653 1360 permisimus

389 1407 540 1451 emanarr.

494 1511 571 1574 ltem
598 1511 776 1594 Elyzabeth
808 1511 901 1572 aliter
926 1510 1048 1594 Glazya
1081 1511 1183 1589 dicta,
1218 1509 1381 1593 quandam
1411 1509 1536 1570 vineam
1561 1526 1652 1568 suam

389 1619 522 1680 totalem
546 1619 585 1680 ab
610 1631 745 1700 utraque
770 1631 857 1700 parte
889 1616 1019 1679 Thome
1049 1617 1165 1678 sutoris
1190 1617 1339 1678 moderni
1376 1615 1480 1676 mariti
1505 1615 1567 1692 sui,
1598 1613 1651 1673 de-

388 1745 483 1807 super
507 1745 524 1786 a
549 1725 599 1786 vie
625 1723 790 1786 communi
815 1737 846 1785 et
862 1721 943 1784 inira
966 1743 1068 1806 usque
1087 1722 1221 1786 fluvium
1238 1743 1294 1784 seu
1319 1721 1462 1784 rivulum
1487 1739 1520 1782 se
1544 1733 1651 1781 exten-

387 1830 528 1910 dentem,
542 1830 637 1892 simul
651 1849 724 1890 cum
741 1829 832 1892 totali
850 1829 974 1891 koucha
991 1849 1085 1913 supra
1103 1831 1239 1892 eandem
1257 1829 1385 1890 vineam
1405 1827 1512 1890 habita
1525 1846 1562 1888 ac
1578 1845 1650 1887 cum

387 1936 526 2016 virgulto
551 1935 656 1996 eidem
682 1935 775 1996 vinee
799 1935 977 2014 subjacenti
1001 1957 1033 1998 se
1053 1935 1277 1998 extendentem
1297 1933 1421 2018 prelato
1446 1933 1576 1995 Thome
1600 1951 1650 1992 su·

387 2043 447 2104 tori
472 2041 540 2104 filio
566 2041 661 2103 Blasii
687 2041 727 2103 de
752 2041 911 2103 Rakonok
935 2062 993 2124 pro
1020 2063 1075 2105 sex
1106 2043 1222 2104 marcis
1254 2041 1461 2104 denariorum
1484 2039 1651 2100 wiennen-

387 2149 470 2210 sium
488 2148 634 2210 vendidit
651 2161 806 2231 perpetuo
823 2149 1051 2230 possidendam
1076 2163 1107 2210 et
1122 2147 1295 2230 superinde
1315 2147 1405 2209 litera
1430 2159 1538 2208 nostra
1556 2144 1650 2226 privi-

386 2253 511 2335 legialis
534 2255 593 2316 sub
618 2254 770 2336 pendenti
795 2254 903 2335 sigillo
928 2267 975 2316 est
998 2255 1059 2316 sibi
1084 2269 1241 2317 emanata.

493 2377 570 2441 ltem
597 2378 707 2440 Petrus
731 2375 815 2440 lilius
840 2377 959 2440 Mathei
985 2379 1134 2458 citarede,
1160 2378 1315 2460 quasdam
1332 2391 1395 2439 tres
1419 2376 1589 2459 porciones
1605 2375 1650 2435 vi-

389 2484 497 2545 neales
521 2485 603 2546 iuter
627 2485 736 2546 vineas
761 2485 901 2548 Emerici
918 2485 1058 2566 agricole
1082 2488 1123 2546 ab
1140 2505 1202 2546 una
1228 2500 1327 2567 purte,
1343 2485 1383 2546 ab
1407 2483 1506 2544 altera
1530 2480 1651 2564 prefate

388 2589 564 2672 Elyzabeth
590 2591 734 2652 mulieris
758 2589 871 2652 Glazia
896 2606 1007 2653 vocate
1036 2592 1169 2668 habitas,
1205 2591 1343 2672 desuper
1366 2610 1383 2652 a
1408 2589 1459 2650 via
1484 2588 1650 2650 communi

387 2715 502 2777 magna
528 2709 558 2757 et
583 2695 663 2757 infra
689 2716 790 2778 usque
815 2697 955 2759 rivulum
985 2698 1081 2759 simul
1106 2717 1178 2759 cum
1211 2697 1352 2778 virgulto
1377 2695 1499 2758 eisdem
1524 2694 1651 2776 porcio·

387 2801 481 2862 nibus
505 2801 680 2884 subjacenti
713 2823 745 2863 se
778 2804 1004 2884 extendentes,
1029 2803 1157 2866 Thorne
1185 2803 1285 2866 sutori
1310 2801 1377 2864 filio
1402 2801 1498 2864 Blasii
1524 2799 1563 2862 de
1589 2799 1649 2860 Ra·

387 2909 494 2970 konolr
520 2927 577 2990 pro
602 2909 755 2970 tredecim
779 2909 849 2973 flor.
874 2911 943 2971 auri
969 2923 999 2972 et
1016 2930 1074 2993 pro
1099 2911 1320 2972 celebracione
1345 2909 1455 2971 decem
1481 2907 1649 2968 missarum

386 3014 532 3074 vendidit
556 3029 586 3076 et
610 3014 783 3097 superinde
808 3015 898 3077 litera
923 3031 1031 3078 nostre
1049 3017 1259 3100 privilegialis
1280 3017 1340 3078 sub
1364 3014 1518 3098 pendenti
1542 3013 1650 3095 sigillo

388 3135 434 3181 est
457 3121 518 3182 sibi
542 3135 700 3182 emanata.

492 3245 569 3306 ltem
605 3246 757 3307 Nicolaus
789 3246 930 3327 phisicus
961 3267 1010 3307 ser
1043 3246 1198 3308 Matheoli
1232 3246 1271 3307 de
1304 3245 1452 3324 Fulinio,
1486 3243 1648 3326 quendam

387 3347 542 3431 (h)ortum
566 3371 661 3412 suurn
686 3365 773 3414 extra
797 3353 923 3414 Novem
956 3365 1082 3435 portam
1115 3353 1196 3414 inter
1220 3351 1375 3436 (h)ortum
1408 3349 1572 3413 Benedicti
1598 3370 1648 3411 su·

386 3457 504 3518 torisa
528 3471 617 3539 parte
642 3459 847 3519 meridionali
872 3472 903 3519 et
928 3459 1008 3520 inter
1037 3457 1193 3540 (h)ortum
1219 3458 1336 3521 Milech
1362 3456 1442 3519 labri
1468 3478 1485 3518 a
1509 3470 1649 3538 septem-

389 3563 492 3624 trione
524 3563 668 3626 babitum
694 3579 725 3626 et
756 3566 957 3644 existentem,
989 3565 1127 3648 desuper
1154 3567 1246 3626 avia
1270 3565 1435 3626 communi
1461 3565 1501 3625 ab
1525 3564 1648 3625 oriente

386 3684 417 3730 et
441 3668 520 3730 infra
546 3690 648 3752 usque
673 3671 808 3733 fluvium
827 3674 867 3734 ab
891 3672 1058 3734 occidente
1077 3692 1110 3733 se
1128 3671 1364 3749 extendentem,
1388 3689 1486 3731 unam
1511 3683 1649 3731 tantum-

386 3775 484 3836 modo
510 3791 655 3856 quartam
680 3778 766 3838 curie
792 3778 823 3838 in
848 3799 881 3839 se
906 3778 1136 3856 continentem,
1154 3779 1249 3839 'Luce
1278 3778 1376 3838 sutori
1402 3775 1469 3838 filio
1495 3775 1650 3836 iohannis

386 3881 604 3944 Gubchewich
630 3883 727 3962 dicte,
752 3905 836 3946 novo
861 3885 985 3947 concivi
1016 3899 1136 3964 nostro,
1161 3905 1196 3946 ac
1214 3905 1270 3968 per
1294 3905 1368 3946 eum
1386 3885 1452 3945 suis
1476 3883 1650 3945 heredibus

385 4009 443 4071 pro
467 4009 520 4050 sex
545 3989 612 4052 flor.
639 3992 706 4052 auri
732 3991 878 4054 vendidit
901 4007 1058 4073 perpetuo
1091 3991 1322 4074 possidendum
1348 4005 1380 4051 et
1411 3989 1586 4072 superinde
1609 3991 1648 4051 li·

383 4108 448 4156 tera
473 4109 579 4157 nostra
604 4097 812 4177 privilegialis
836 4099 894 4158 sub
919 4098 1073 4178 pendenti
1093 4098 1200 4179 sigillo
1225 4111 1272 4159 est
1294 4097 1354 4157 sibi
1379 4109 1540 4157 emanata.

491 4219 568 4280 ltem
595 4219 730 4281 Mathias
747 4221 886 4302 agricola
904 4222 1066 4302 quandam
1085 4222 1218 4283 domum
1236 4240 1326 4283 suam
1343 4221 1439 4282 simul
1457 4239 1530 4282 cum
1547 4218 1649 4282 fundo

385 4340 416 4386 et
439 4327 557 4388 celario
582 4329 790 4389 subterraneo
815 4347 850 4389 ac
879 4327 1013 4389 edificiis
1037 4329 1119 4389 inter
1143 4327 1277 4388 domum
1296 4328 1412 4389 lansek
1429 4325 1586 4390 carnificis
1610 4330 1650 4389 ab

385 4433 552 4494 occidente
571 4447 602 4495 et
626 4434 708 4496 inter
732 4433 868 4495 fundum
888 4455 1023 4496 vacuum
1044 4435 1140 4496 fontis
1159 4435 1257 4496 nostri
1276 4435 1457 4496 communis
1473 4436 1513 4495 ab
1527 4435 1650 4496 oriente

384 4539 538 4617 habitam,
564 4559 661 4600 unam
687 4553 833 4620 quartam
858 4541 945 4600 curie
970 4541 1009 4601 ad
1039 4560 1132 4601 usum
1165 4540 1248 4602 dicte
1273 4540 1409 4601 civitatis
1434 4540 1466 4601 in
1491 4560 1524 4601 se
1548 4542 1650 4601 conti-

385 4659 526 4723 nentem,
552 4645 712 4707 Clementi
737 4646 837 4706 sutori
863 4644 930 4707 filio
956 4645 1106 4727 Gregorii
1130 4645 1169 4707 de
1188 4645 1365 4707 Hraschina
1391 4660 1500 4707 nostro
1524 4647 1649 4708 concivi

385 4771 420 4812 ac
445 4771 501 4832 per
526 4771 598 4812 eurn
624 4751 689 4812 suis
715 4751 887 4812 heredibus
905 4772 963 4832 pro
988 4751 1128 4832 quadam
1146 4752 1244 4813 domo
1261 4771 1317 4813 sua
1342 4771 1399 4833 per
1422 4751 1556 4813 modum
1573 4773 1650 4814 con-

385 4859 503 4918 cambii
530 4857 618 4919 dedit
643 4872 673 4918 et
697 4859 829 4919 donavit
859 4874 1016 4940 perpetuo
1048 4857 1276 4941 possidendam
1308 4872 1338 4919 et
1363 4857 1535 4940 superinde
1559 4859 1650 4925 litera

387 4978 493 5027 nostra
519 4965 728 5051 privilegialis
752 4967 812 5026 sub
837 4965 989 5054 pendenti
1013 4965 1120 5053 sigillo
1146 4979 1193 5034 est
1215 4965 1276 5032 sibi
1300 4979 1457 5034 emanata.
