3816 5802
599 1669 713 1759 Anno
741 1669 897 1760 Domini
923 1671 1179 1777 dococto.)

249 2006 286 2082 ln
314 2009 458 2084 nomine
485 2007 643 2085 Domini.
672 2009 800 2087 Amen.
830 2011 936 2088 Anno
966 2011 1110 2088 Domini
1140 2013 1300 2090 eiusdem
1325 2015 1512 2093 millesimo

249 2131 603 2233 quadringentesimo
641 2136 938 2236 quinquagesimo
968 2137 1143 2232 secundo,
1171 2135 1262 2214 feria
1295 2145 1401 2216 sexta
1428 2163 1511 2242 pro-

248 2257 342 2332 xima
369 2265 455 2356 post
491 2257 624 2334 festum
665 2257 921 2336 Conversionis
957 2261 1056 2337 beati
1084 2261 1186 2336 Pauli
1224 2264 1394 2362 apostoli,
1421 2271 1511 2340 tem-

247 2404 336 2481 pore
364 2380 545 2479 judicatus
565 2378 630 2458 viri
651 2383 789 2484 providi
819 2392 857 2460 et
875 2385 1018 2461 honesti
1038 2383 1180 2461 Nicolai
1194 2383 1323 2484 judicis
1351 2387 1513 2466 moderni

248 2505 404 2582 civitatis
432 2507 594 2608 predicte
632 2506 691 2584 filii
734 2507 887 2584 condam
915 2507 1105 2597 Demetrii,
1134 2532 1284 2610 presens
1323 2510 1511 2588 laternum

247 2631 467 2708 estfactum
497 2656 606 2734 super
634 2633 899 2733 registracione
938 2643 976 2711 et
1013 2635 1295 2734 consignacione
1332 2644 1511 2712 certarum

246 2754 429 2832 literarum
456 2757 726 2859 privilegialium
747 2758 873 2834 civium
906 2765 945 2834 et
971 2757 1214 2834 habitatorum
1246 2759 1402 2836 civitatis
1430 2785 1509 2862 pre-

246 2877 320 2955 fate
356 2903 465 2981 super
500 2882 795 2983 possessionibus
829 2882 1037 2959 eorumdem
1067 2883 1193 2959 civium
1228 2891 1266 2960 et
1293 2883 1508 2962 inhabitato-

246 3027 321 3081 rum
350 3005 511 3082 eiusdem
541 3007 697 3084 civitatis
731 3005 823 3082 infra
859 3007 1155 3084 nominandorum
1182 3008 1218 3084 in
1247 3007 1344 3085 dicta
1363 3009 1510 3086 civitate

247 3135 285 3205 et
318 3130 395 3206 eins
424 3131 609 3207 territorio
637 3129 780 3224 habitis,
804 3131 1076 3231 privilegialiter
1103 3133 1168 3208 sub
1196 3133 1367 3232 pendenti
1387 3133 1508 3233 sigillo

297 3254 564 3330 communitatis
585 3253 841 3348 confectarum,
865 3255 973 3331 modo
1003 3263 1042 3332 et
1061 3255 1186 3332 ordine
1214 3254 1463 3358 infrascriptis.

753 3462 820 3545 (28.
835 3469 1000 3544 simuara'r').

349 3607 428 3671 Item
454 3608 611 3670 Martinus
634 3607 732 3690 judex
762 3607 848 3670 filius
872 3608 1001 3670 Thome
1034 3621 1065 3670 et
1088 3608 1223 3691 provida
1257 3608 1373 3670 mulier
1395 3611 1504 3692 Agnes

244 3729 355 3779 vocata
390 3735 521 3778 consors
545 3715 624 3777 olim
649 3729 680 3777 et
703 3734 789 3777 nunc
813 3715 922 3777 relicta
948 3714 1085 3777 condam
1103 3715 1267 3777 Dominici
1291 3715 1505 3799 Marsethych,

244 3837 429 3885 executores
452 3836 483 3884 et
507 3822 718 3884 commissarii
752 3821 933 3884 testamenti
965 3821 1103 3884 condam
1137 3820 1286 3904 Gregorii
1311 3822 1399 3904 parvi
1423 3822 1502 3884 olim

150 3920 155 3932 ’
243 3929 337 4012 jurati
360 3943 391 3992 et
414 3929 555 3992 concivis
572 3930 672 3992 nostri
698 3927 755 3991 filii
782 3927 880 4008 Galli,
898 3927 1060 4010 quandam
1078 3928 1206 3990 vineam
1232 3928 1332 4010 ipsius
1356 3928 1506 4009 Gregorii

243 4037 332 4118 parvi
356 4038 389 4098 in
413 4036 573 4098 territorio
597 4048 708 4098 nostro
733 4035 815 4098 inter
839 4035 967 4096 vineam
990 4033 1081 4096 Pauli
1106 4032 1258 4096 aurifabri
1283 4048 1315 4096 et
1338 4033 1504 4097 benedicti

243 4141 409 4221 aurifabri,
433 4163 450 4206 a
467 4143 707 4226 septemtrione,
732 4157 763 4205 et
781 4141 935 4224 Stephani
957 4140 1052 4224 jurati
1070 4142 1170 4203 nostri
1189 4141 1333 4202 moderni
1353 4141 1506 4221 habitam,

243 4249 380 4334 desuper
404 4271 422 4312 a
446 4251 497 4313 via
534 4250 700 4312 communi
732 4264 764 4312 et
788 4247 870 4310 infra
903 4267 1006 4330 usque
1038 4247 1179 4310 rivulum
1211 4267 1244 4308 se
1269 4246 1506 4326 extendentem,

242 4356 366 4439 prefato
393 4357 568 4419 Benedicto
602 4355 765 4418 aurifabro
796 4375 833 4416 ex
867 4375 1026 4417 consensu
1058 4355 1238 4416 vicinorum
1270 4373 1328 4436 pro
1354 4367 1505 4435 quatuor-

243 4463 347 4526 decim
380 4462 450 4525 flor.
482 4463 550 4526 auri
583 4463 798 4524 vendiderunt
828 4475 984 4545 perpetuo
1016 4460 1242 4543 possidendam
1271 4474 1302 4522 et
1333 4459 1506 4542 superinde

242 4569 302 4632 sibi
327 4583 374 4632 est
390 4569 482 4632 litera
510 4571 569 4632 sub
594 4569 747 4652 pendenti
772 4569 879 4650 sigillo
904 4567 1143 4630 communitatis
1168 4582 1325 4630 emanata.

348 4675 427 4739 Item
452 4675 604 4740 Clemens
628 4675 768 4739 carnifex
791 4675 877 4738 filius
902 4674 1068 4737 Michaelis
1092 4673 1213 4754 juratus
1237 4673 1379 4735 concivis
1396 4685 1504 4734 noster

242 4797 304 4847 tres
327 4785 485 4847 sessiones
508 4804 581 4846 suas
596 4783 816 4866 jobagionales
848 4783 943 4844 simul
976 4801 1048 4843 cum
1077 4801 1130 4842 sex
1162 4780 1325 4862 jugeribus
1349 4793 1504 4841 terreseu

244 4891 337 4955 dietis
361 4893 394 4953 in
418 4911 533 4974 campo
558 4907 588 4954 et
612 4891 772 4954 territorio
790 4891 925 4952 civitatis
942 4888 1063 4972 prefate
1089 4887 1218 4950 invilla
1244 4887 1403 4970 Pobresya
1421 4887 1504 4947 inter

244 4998 462 5080 possessiones
486 5018 542 5060 seu
566 4999 723 5060 sessiones
747 4997 968 5079 jobagionales
999 4996 1174 5057 liberorum
1199 5014 1255 5056 seu
1283 5011 1502 5054 successorum

245 5106 381 5169 condam
399 5105 565 5168 Michaelis
583 5105 761 5168 Sebastiani
779 5105 941 5185 utrimque
960 5103 1084 5165 habitas
1101 5115 1131 5164 et
1148 5101 1328 5178 existentes,
1346 5118 1382 5160 ac
1399 5099 1503 5214 eciam
