3832 5804
415 723 513 790 petuo
538 707 777 790 possidendam,
810 708 896 768 salva
931 728 993 770 una
1026 721 1138 789 quarta
1166 708 1251 770 curie
1278 708 1309 768 in
1340 707 1482 790 predicta
1515 709 1613 770 domo
1648 723 1679 770 et

415 814 516 876 fundo
542 815 658 893 habita,
683 833 780 896 quam
805 815 936 876 domina
963 814 1163 894 Margarctha
1198 833 1256 896 pro
1280 833 1312 874 se
1348 834 1450 896 usque
1475 815 1513 876 ad
1540 828 1679 876 mortem

417 944 507 986 suarn
534 925 661 986 racione
687 923 849 985 civilitatis
873 943 930 1004 pro
955 942 987 984 se
1006 923 1181 984 reservavit
1205 937 1362 1005 perpetuo
1385 921 1625 1004 possidendam,
1649 935 1680 982 et

414 1031 509 1092 salvis
535 1050 600 1092 uno
625 1029 755 1110 (h)ort0,
779 1029 834 1110 qui
861 1029 998 1090 condam
1023 1029 1113 1090 Pauli
1140 1028 1288 1090 Thothar
1305 1027 1422 1110 prefuit
1446 1043 1476 1089 et
1501 1049 1563 1089 una
1588 1027 1678 1104 silva,

415 1157 477 1219 que
502 1136 640 1199 condam
666 1137 855 1198 Peterlconis
886 1134 1015 1218 prefuit,
1047 1154 1145 1216 quem
1180 1134 1331 1215 (hlortum
1365 1148 1397 1195 et
1427 1135 1539 1195 silvam
1565 1133 1678 1195 eadem

415 1243 546 1305 domina
572 1241 774 1323 Margarctha
798 1261 856 1323 pro
880 1262 913 1303 se
938 1241 1039 1302 eciam
1057 1241 1228 1303 reservavit
1246 1239 1486 1322 possidendam,
1511 1255 1541 1302 et
1566 1258 1675 1322 super-

415 1350 490 1412 inde
504 1350 593 1412 litera
608 1347 817 1430 privilegialis
830 1361 876 1408 est
893 1350 951 1409 sub
966 1346 1118 1430 pendenti
1136 1347 1243 1428 sigillo
1261 1347 1502 1409 communitatis
1519 1359 1676 1409 emanata.

521 1474 599 1536 ltem
623 1473 775 1534 dominus
800 1472 966 1554 Philippus
990 1472 1147 1554 plebanus
1179 1472 1312 1533 ecclesie
1344 1485 1451 1534 sancte
1477 1469 1677 1552 Margarethe

415 1581 546 1662 virginis
581 1579 744 1661 quandam
769 1593 885 1639 terram
910 1577 1051 1659 predicte
1085 1578 1219 1640 ecclesie
1256 1593 1365 1640 sancte
1392 1576 1594 1658 Margarethe
1617 1576 1678 1636 vir·

413 1688 507 1768 ginis,
531 1687 562 1748 in
589 1705 703 1768 campo
728 1685 864 1746 civitatis
890 1684 1031 1766 predicte
1058 1684 1139 1746 inter
1162 1699 1266 1746 terras
1290 1684 1424 1766 predicti
1451 1682 1607 1745 lobannis
1631 1683 1678 1764 ju-

415 1793 494 1854 dicis
518 1791 574 1854 filii
612 1792 688 1852 dicti
722 1791 820 1869 Pero,
852 1791 892 1852 ab
925 1805 1060 1871 utraque
1093 1806 1180 1872 parte
1214 1790 1366 1869 habitam,
1402 1789 1500 1871 vulgo
1535 1791 1678 1871 Lopatek

414 1900 543 1977 dictam,
568 1917 665 1960 unam
690 1898 808 1960 dietam
827 1913 908 1959 terre
933 1898 964 1958 in
990 1919 1022 1958 se
1039 1899 1275 1977 continentem,
1292 1898 1398 1958 eidem
1424 1897 1562 1958 Johanni
1580 1895 1678 1977 judici

414 2025 472 2088 pro
497 2005 635 2088 quadam
661 2019 742 2068 terra
779 2025 835 2066 sua
867 2005 949 2066 inter
981 2019 1079 2066 terras
1102 2004 1230 2066 Thome
1264 2002 1433 2085 freniparis
1457 2017 1487 2065 et
1512 2002 1678 2064 Benedicti

414 2113 506 2194 jurati
543 2111 650 2172 habita
686 2131 741 2193 per
777 2111 910 2172 modurn
942 2110 1193 2192 permutationis
1229 2125 1260 2172 et
1290 2110 1470 2172 concambii
1495 2108 1585 2169 dedit
1608 2127 1678 2190 per·

414 2233 511 2301 petuo
536 2217 764 2300 possidendam
782 2231 813 2278 et
836 2217 1008 2299 superinde
1038 2231 1084 2278 est
1107 2218 1165 2278 sibi
1192 2217 1282 2278 litera
1308 2219 1366 2278 sub
1392 2215 1545 2298 pendenti
1570 2214 1678 2296 sigillo

414 2323 654 2386 communitatis
679 2337 835 2385 emanata.

522 2448 601 2511 Item
627 2447 808 2529 Stephanus
841 2448 967 2509 institor
991 2447 1076 2509 filius
1108 2448 1245 2510 condam
1271 2447 1399 2508 Thome
1424 2445 1678 2529 Wgrynowych,

415 2556 578 2638 quandam
604 2555 792 2636 particulam
819 2555 978 2615 vinealem
1004 2555 1103 2636 vulgo
1129 2553 1235 2616 Grede
1264 2569 1409 2616 vocatam
1445 2555 1526 2614 inter
1551 2553 1678 2613 vineam

416 2662 571 2724 Johannis
596 2660 815 2744 Oczthotvych
848 2661 991 2722 concivis
1023 2662 1141 2740 nostri,
1174 2661 1335 2722 mediante
1368 2659 1486 2721 fossato
1522 2660 1679 2720 ambabus

414 2769 557 2852 partibus
581 2767 775 2846 deserviens,
800 2786 872 2828 curn
898 2768 963 2828 suis
999 2768 1205 2848 pertinenciis
1229 2766 1388 2847 Gregorio
1413 2765 1480 2827 filio
1510 2764 1677 2827 Michaelis

414 2895 472 2956 pro
496 2889 618 2957 septem
643 2874 712 2935 flor.
746 2873 892 2935 vendidit
921 2887 1076 2956 perpetuo
1109 2873 1336 2956 possidendam
1372 2888 1403 2935 et
1434 2872 1608 2955 superinde
1632 2886 1679 2932 est

414 2980 505 3041 litera
530 2979 588 3041 sub
613 2978 766 3060 pendenti
790 2979 897 3059 sigillo
922 2979 1162 3040 communitatis
1186 2995 1343 3042 emanata.

521 3105 598 3166 ltem
617 3103 741 3166 Blasius
758 3105 885 3166 institor
903 3104 987 3166 filius
1004 3105 1139 3166 condam
1159 3105 1288 3166 Thome
1306 3104 1547 3188 Wgrynowych
1577 3123 1677 3185 quan·

415 3212 489 3273 darn
514 3211 646 3272 domum
665 3229 755 3271 suam
774 3223 931 3272 muratam
949 3225 980 3272 et
997 3209 1132 3272 fundum
1150 3211 1182 3272 in
1201 3210 1283 3272 dicta
1301 3211 1427 3272 civitate
1445 3210 1527 3270 inter
1542 3209 1677 3271 domum

415 3317 539 3378 Nicolai
565 3315 680 3396 judicis
696 3329 727 3378 et
753 3317 834 3377 inter
851 3317 984 3377 domum
1011 3331 1168 3378 muratam
1187 3317 1341 3378 Johannis
1359 3316 1499 3399 Baptista
1525 3315 1677 3394 habitam,

415 3424 556 3485 mediam
582 3423 701 3484 curiam
728 3423 759 3483 in
784 3443 817 3483 se
842 3423 1072 3500 continentem,
1098 3423 1235 3484 Johanni
1271 3423 1461 3503 cingulatori
1487 3422 1554 3484 filio
1580 3423 1678 3504 Sigis-

416 3531 529 3592 mundi
555 3529 594 3591 de
619 3529 768 3613 Wyenna
794 3549 851 3611 pro
880 3529 1052 3592 duodecim
1071 3529 1139 3592 flor.
1158 3531 1225 3591 auri
1243 3530 1388 3592 vendidit
1405 3545 1560 3612 perpetuo
1578 3530 1677 3610 possi·

415 3635 553 3696 dendam
583 3649 613 3696 et
637 3634 809 3716 superinde
833 3636 893 3695 sibi
912 3649 959 3696 est
976 3635 1090 3718 (litera)
1112 3639 1170 3697 sub
1188 3637 1341 3718 pendenti
1366 3636 1472 3717 sigillo
1497 3636 1678 3697 communi·

415 3756 487 3802 tans
512 3756 669 3803 emanata.

522 3865 600 3926 ltent
611 3864 792 3946 Stephanus
805 3863 936 3944 juratus,
953 3864 1106 3943 carnifex,
1117 3867 1225 3948 Zaylto
1239 3867 1352 3946 dictus,
1366 3867 1528 3948 quandam
1543 3866 1677 3927 domum

415 3991 505 4032 suam
531 3985 687 4032 muratam
706 3991 778 4032 cum
805 3970 905 4032 fundo
930 3984 960 4032 et
973 3971 1130 4034 hedificiis
1147 3974 1177 4033 in
1197 3974 1279 4034 dicta
1298 3975 1423 4035 civitate
1448 3973 1530 4034 inter
1543 3973 1678 4034 domum

416 4091 573 4138 muratam
598 4091 628 4138 et
661 4076 797 4138 fundum
822 4097 858 4138 ac
891 4077 1044 4139 celarium
1077 4099 1224 4141 necnon
1259 4079 1405 4141 hedificia
1438 4081 1519 4140 inter
1543 4079 1676 4141 domurn

416 4183 571 4244 Johannis
593 4183 707 4264 judicis
732 4184 807 4244 dicti
835 4183 1011 4266 Perowyeh
1037 4197 1067 4245 et
1096 4186 1186 4246 Pauli
1219 4187 1335 4247 sutoris
1360 4186 1512 4264 habitam,
1538 4187 1679 4248 mediam

416 4289 567 4351 videlicet
583 4289 704 4350 curiam
730 4304 760 4350 et
778 4311 873 4351 unam
891 4307 1037 4352 octavam
1056 4291 1087 4351 in
1106 4313 1137 4352 se
1156 4293 1385 4371 continentem,
1404 4313 1476 4354 curn
1500 4294 1565 4354 suis
1583 4294 1678 4374 perti·

416 4396 538 4456 nenciis
562 4396 704 4477 predicto
729 4397 867 4456 lohanni
901 4397 1092 4477 cingulatori
1127 4418 1185 4479 pro
1219 4399 1358 4479 quadam
1392 4398 1491 4460 domo
1515 4419 1570 4459 sua
1597 4399 1679 4460 inter

417 4501 550 4562 domum
577 4502 683 4562 relicte
717 4502 852 4562 condam
879 4503 1062 4585 Jagychych
1095 4519 1125 4566 et
1150 4504 1295 4565 semitam
1330 4523 1534 4566 communem
1560 4505 1678 4583 habita,

416 4607 554 4668 mediam
581 4607 700 4668 curiam
726 4609 757 4668 in
783 4629 815 4669 se
844 4611 1038 4690 continente,
1064 4632 1134 4672 cum
1165 4612 1385 4674 additamento
1416 4627 1447 4674 et
1470 4633 1527 4696 pro
1552 4613 1677 4675 addita-

415 4726 524 4774 mento
550 4713 670 4793 triginti
697 4713 833 4776 duorum
861 4716 929 4778 flor.
954 4717 1022 4778 auri
1040 4737 1096 4798 per
1122 4719 1254 4779 modum
1273 4721 1524 4800 permutacionis
1548 4736 1578 4781 et
1603 4740 1677 4782 con-

416 4819 532 4878 cambii
558 4819 696 4880 dedisset
732 4835 888 4902 perpetuo
922 4823 1149 4902 possidendam
1181 4837 1210 4887 et
1235 4826 1408 4906 superinde
1433 4840 1479 4887 est
1504 4827 1593 4887 litera
1617 4829 1677 4887 sub

415 4922 567 5006 pendenti
600 4925 707 5004 sigillo
733 4927 792 4988 sibi
818 4941 973 4990 emanata.
