3816 5802
409 606 469 672 ¹30
939 591 1025 651 Anno
1047 603 1137 671 1451.

404 804 525 882 Prawz,
549 824 565 866 a
590 803 831 886 septemtrione,
855 823 890 865 ac
915 804 1091 865 liberorum
1116 803 1254 865 condam
1283 803 1403 886 Frycze
1428 803 1533 885 jurati,
1557 824 1574 865 a
1600 823 1666 866 me·

403 909 528 971 ridione
554 909 710 988 habitum,
736 929 808 971 cum
834 910 986 971 omnibus
1010 910 1076 971 suis
1093 909 1287 971 utilitatibus
1309 922 1341 970 et
1364 910 1570 991 pertinenciis
1594 909 1665 970 uni-

401 1017 500 1078 versis
524 1017 706 1098 Augustino
731 1017 818 1077 dicto
835 1017 945 1077 Kusne
962 1014 1030 1077 filio
1052 1015 1143 1077 Pauli
1164 1035 1222 1097 pro
1240 1014 1485 1097 quatuordecim
1509 1015 1579 1078 flor.
1597 1015 1667 1077 auri

401 1123 548 1185 vendidit
571 1135 727 1206 perpetuo
745 1123 976 1204 possidendum
1002 1137 1033 1183 et
1058 1122 1230 1204 superinde
1247 1122 1307 1183 sibi
1332 1136 1379 1183 est
1402 1123 1493 1184 litera
1510 1125 1570 1184 sub
1591 1142 1670 1206 pen·

402 1229 489 1292 denti
508 1230 616 1310 sigillo
641 1229 881 1291 communitatis
906 1242 1062 1294 emanata.

508 1335 585 1398 ltem
611 1335 730 1397 nobilis
754 1335 801 1396 vir
827 1335 988 1418 Georgius
1012 1336 1116 1397 dictus
1142 1334 1249 1418 Oxlyn
1273 1355 1373 1417 gener
1397 1336 1534 1398 condam
1560 1335 1668 1398 Choni

401 1442 525 1524 judicis,
550 1443 705 1524 quasdam
731 1457 830 1504 terras
854 1463 927 1504 suas
944 1443 1082 1505 arabiles
1106 1442 1243 1505 condam
1262 1443 1394 1505 domine
1420 1442 1582 1505 Dorotbee
1602 1441 1668 1504 filie

401 1549 501 1631 ipsius
525 1549 662 1611 condam
696 1548 803 1611 Choni
837 1549 963 1631 judicis,
989 1551 1020 1610 in
1053 1549 1214 1610 territorio
1246 1549 1383 1610 civitatis
1404 1549 1546 1631 predicte
1572 1549 1669 1610 simul

401 1674 473 1717 cum
501 1654 590 1717 fenili
618 1656 737 1716 eisdem
763 1657 854 1717 terris
876 1656 1052 1717 arabilibus
1076 1655 1197 1736 juncto,
1222 1655 1254 1716 in
1280 1674 1395 1738 campo
1420 1656 1503 1718 dicte
1528 1655 1664 1718 civitatis

401 1762 483 1822 inter
505 1776 603 1823 terras
628 1760 760 1843 Georgii
785 1760 841 1823 filii
867 1762 951 1824 Petri
969 1761 1046 1823 dicti
1073 1760 1255 1844 Wllranych
1274 1761 1313 1822 de
1338 1761 1540 1844 Petrowyna,
1563 1775 1595 1824 et
1611 1780 1662 1823 co·

399 1867 522 1929 lendini
547 1866 816 1930 confraternitatis
847 1882 992 1930 sutorum
1025 1867 1187 1928 mediante
1221 1867 1362 1948 quodam
1388 1866 1507 1930 fossato
1531 1889 1549 1930 a
1574 1881 1663 1950 parte

400 1975 666 2057 septemtrionali,
690 1996 707 2036 a
732 1989 820 2058 parte
845 1995 921 2037 vero
947 1974 1153 2037 meridionali
1171 1976 1254 2036 inter
1271 1989 1370 2038 terras
1393 1975 1570 2037 liberorum
1589 1995 1664 2036 cou-

400 2081 474 2143 dam
499 2080 654 2144 lobannis
677 2082 859 2144 stationarii
885 2081 1046 2143 mediante
1071 2082 1135 2143 alio
1160 2079 1280 2143 fossato
1304 2082 1390 2161 sitas,
1415 2095 1446 2143 et
1469 2082 1553 2144 inter
1578 2082 1662 2143 viam

400 2207 607 2250 communem
632 2189 671 2249 ab
696 2189 820 2250 oriente
844 2187 979 2264 habitas,
1003 2207 1070 2249 sese
1106 2188 1258 2269 contigue
1282 2203 1313 2250 et
1337 2188 1514 2250 inmediate
1538 2188 1664 2250 contin-

398 2309 519 2376 gentes,
544 2315 598 2356 sex
622 2309 657 2356 ut
681 2295 797 2356 dicitur
821 2294 923 2355 dietas
939 2307 1020 2356 terre
1045 2295 1077 2356 in
1101 2313 1134 2356 se
1152 2295 1365 2374 continentes,
1390 2314 1462 2356 cum
1488 2295 1555 2356 suis
1578 2294 1666 2356 utili-

400 2400 519 2461 tatibus
551 2415 582 2462 et
614 2400 820 2482 pertinenciis
852 2400 1009 2462 universis
1039 2401 1223 2482 Augustino
1256 2401 1367 2462 Kusne
1399 2399 1467 2462 filio
1492 2400 1584 2462 Pauli
1608 2419 1667 2482 pro

399 2506 528 2587 triginta
554 2505 681 2569 duobus
698 2506 766 2568 flor.
785 2507 853 2568 auri
872 2507 1016 2568 vendidit
1033 2521 1188 2589 perpetuo
1206 2507 1416 2589 possidendas
1441 2521 1472 2568 et
1491 2507 1666 2589 superinde
1728 2590 1732 2594 ⁵

400 2627 448 2674 est
473 2613 563 2674 litera
588 2613 647 2673 sub
672 2613 826 2694 pendenti
851 2613 959 2694 sigillo
984 2613 1224 2675 communitatis
1248 2628 1407 2674 emanata.
