3832 5804
392 553 449 614 ¹42
918 531 1008 592 Anno
1030 544 1120 611 1452.

495 745 573 808 Item
598 745 744 808 Andreas
769 758 800 806 et
824 745 972 829 Mathyas
996 745 1052 808 filii
1086 746 1223 808 condam
1249 744 1334 808 Galli
1368 745 1444 810 dicti
1471 747 1583 810 Zuden
1610 746 1651 808 de

387 854 547 936 Zauersya
571 854 604 915 in
629 855 771 936 ipsorum
796 867 827 915 et
851 851 963 935 prefati
996 854 1093 936 patris
1126 873 1238 915 eorum
1264 853 1409 935 personis
1441 854 1650 916 medietatem

385 959 502 1022 domus
526 973 650 1022 mutate
675 973 707 1021 et
729 958 821 1022 fundi
846 979 882 1021 ac
918 958 1153 1038 hedificiorum‚
1174 979 1236 1042 que
1266 961 1409 1042 ipsorum
1433 957 1595 1042 prefuerat
1619 960 1652 1020 in

389 1067 472 1130 dicta
498 1067 626 1130 civitate
651 1067 734 1128 inter
757 1067 890 1128 domum
917 1065 1096 1129 Clementis
1126 1063 1184 1128 filii
1210 1066 1361 1148 Symonis
1393 1064 1434 1128 de
1459 1065 1592 1128 Raboch
1618 1079 1650 1126 et

386 1175 495 1236 relicte
527 1173 663 1236 condam
696 1173 780 1234 iwan
812 1173 929 1235 literati
961 1173 1070 1235 habite
1106 1186 1137 1234 et
1168 1173 1342 1252 existentis,
1373 1191 1472 1236 unam
1496 1172 1649 1235 videlicet

386 1293 532 1364 quartam
557 1280 643 1342 curie
668 1279 700 1341 in
725 1299 758 1342 se
789 1280 1028 1359 continentem,
1060 1279 1189 1342 Thome
1221 1278 1360 1342 carnifici
1393 1278 1461 1342 filio
1494 1279 1652 1362 Stephani

385 1388 457 1466 Wr,
481 1406 568 1448 novo
592 1387 716 1448 concivi
741 1399 861 1466 nostro,
892 1407 951 1470 pro
979 1399 1117 1469 quatuor
1141 1386 1211 1448 flor.
1243 1387 1312 1448 auri
1335 1385 1553 1448 vendiderunt
1577 1405 1652 1468 per·

386 1507 484 1577 petuo
515 1493 744 1576 possidendam
784 1507 815 1556 et
847 1494 1019 1576 superinde
1062 1508 1108 1556 est
1139 1494 1231 1556 litera
1263 1495 1323 1555 sub
1355 1492 1509 1576 pendenti
1543 1493 1653 1574 sigillo

387 1599 628 1663 communitatis
656 1613 813 1662 emanata.

491 1706 569 1769 Item
595 1706 692 1789 Elyas
717 1707 839 1769 Judeus
862 1705 948 1769 filius
970 1707 1122 1790 Symonis
1145 1707 1309 1789 quandam
1326 1707 1455 1768 vineam
1479 1725 1536 1768 seu
1561 1705 1652 1767 vine·

386 1814 471 1876 alem
495 1813 683 1896 porcionem
715 1813 852 1874 condam
878 1813 969 1875 Pauli
1002 1811 1170 1896 freniparis
1193 1813 1226 1875 in
1258 1814 1420 1875 territorio
1452 1827 1564 1875 nostro
1595 1831 1653 1874 seu

387 1920 523 1983 civitatis
547 1919 688 2000 predicte
713 1920 795 1982 inter
819 1920 929 1982 vineas
954 1920 1052 1981 Blasii
1076 1919 1202 2001 judicis,
1227 1939 1244 1980 a
1268 1919 1510 2002 septemtrione,
1534 1931 1566 1980 et
1589 1919 1651 1980 viri

386 2025 515 2110 providi
538 2025 669 2108 Mathye
687 2027 805 2088 sutoris
822 2025 975 2105 habitam,
993 2025 1143 2088 Emerico
1160 2025 1300 2106 agricole
1317 2023 1385 2086 filio
1411 2025 1540 2108 Mathye
1559 2024 1651 2086 Hun-

386 2135 453 2218 gari
480 2133 604 2196 concivi
629 2147 739 2196 nostro
764 2153 822 2216 pro
846 2153 900 2195 sex
924 2132 993 2196 flor.
1018 2131 1164 2195 vendidit
1188 2146 1344 2214 perpetuo
1366 2131 1596 2214 possidendam
1616 2143 1649 2194 et

389 2240 564 2325 superinde
587 2255 633 2302 est
656 2241 747 2303 litera
772 2242 831 2302 sub
855 2240 1007 2324 pendenti
1025 2238 1133 2321 sigillo
1158 2239 1397 2302 communitatis
1410 2238 1471 2301 sibi
1491 2253 1652 2301 emanata.
