<?xml version="1.0" encoding="UTF-8"?>
<!DOCTYPE html PUBLIC "-//W3C//DTD XHTML 1.0 Transitional//EN"
    "http://www.w3.org/TR/xhtml1/DTD/xhtml1-transitional.dtd">
<html xmlns="http://www.w3.org/1999/xhtml" xml:lang="en" lang="en">
 <head>
  <title>
</title>
<meta http-equiv="Content-Type" content="text/html;charset=utf-8" />
  <meta name='ocr-system' content='tesseract 3.04.00' />
  <meta name='ocr-capabilities' content='ocr_page ocr_carea ocr_par ocr_line ocrx_word'/>
</head>
<body>
  <div class='ocr_page' id='page_1' title='image "./monumentahistor21laszgoog_0269.png"; bbox 0 0 3832 5804; ppageno 0'>
   <div class='ocr_carea' id='block_1_1' title="bbox 769 582 1499 666">
    <p class='ocr_par' dir='ltr' id='par_1_1' title="bbox 769 582 1499 666">
     <span class='ocr_line' id='line_1_1' title="bbox 769 582 1499 666; baseline 0.005 -22"><span class='ocrx_word' id='word_1_1' title='bbox 769 586 857 644; x_wconf 85' lang='lat' dir='ltr'>Anno</span> <span class='ocrx_word' id='word_1_2' title='bbox 878 582 971 665; x_wconf 69' lang='lat'><em>1463·</em></span> <span class='ocrx_word' id='word_1_3' title='bbox 1439 599 1499 666; x_wconf 83' lang='lat'>225</span> 
     </span>
    </p>
   </div>
   <div class='ocr_carea' id='block_1_2' title="bbox 237 797 1506 5137">
    <p class='ocr_par' dir='ltr' id='par_1_2' title="bbox 237 797 1506 5137">
     <span class='ocr_line' id='line_1_2' title="bbox 239 797 1502 878; baseline 0.002 -19"><span class='ocrx_word' id='word_1_4' title='bbox 239 799 323 859; x_wconf 93' lang='lat' dir='ltr'>torio</span> <span class='ocrx_word' id='word_1_5' title='bbox 350 798 484 876; x_wconf 89' lang='lat' dir='ltr'>habitas,</span> <span class='ocrx_word' id='word_1_6' title='bbox 510 797 611 878; x_wconf 85' lang='lat' dir='ltr'><strong>ipsam</strong></span> <span class='ocrx_word' id='word_1_7' title='bbox 629 797 793 858; x_wconf 90' lang='lat' dir='ltr'>dominam</span> <span class='ocrx_word' id='word_1_8' title='bbox 813 797 983 858; x_wconf 75' lang='lat' dir='ltr'>Barbarum</span> <span class='ocrx_word' id='word_1_9' title='bbox 1003 797 1193 858; x_wconf 80' lang='lat' dir='ltr'>donacionis</span> <span class='ocrx_word' id='word_1_10' title='bbox 1208 798 1303 860; x_wconf 90' lang='lat' dir='ltr'>titulo</span> <span class='ocrx_word' id='word_1_11' title='bbox 1327 799 1502 862; x_wconf 74' lang='lat' dir='ltr'>literatorie</span> 
     </span>
     <span class='ocr_line' id='line_1_3' title="bbox 241 902 1502 989; baseline 0.003 -25"><span class='ocrx_word' id='word_1_12' title='bbox 241 918 469 966; x_wconf 85' lang='lat' dir='ltr'><strong>concernentes</strong></span> <span class='ocrx_word' id='word_1_13' title='bbox 494 903 701 985; x_wconf 87' lang='lat' dir='ltr'>exposuisset,</span> <span class='ocrx_word' id='word_1_14' title='bbox 728 904 766 964; x_wconf 94' lang='lat' dir='ltr'>de</span> <span class='ocrx_word' id='word_1_15' title='bbox 785 922 849 984; x_wconf 94' lang='lat' dir='ltr'>quo</span> <span class='ocrx_word' id='word_1_16' title='bbox 874 902 994 982; x_wconf 87' lang='lat' dir='ltr'>judicio</span> <span class='ocrx_word' id='word_1_17' title='bbox 1012 902 1209 984; x_wconf 76' lang='lat' dir='ltr'>prefatorum</span> <span class='ocrx_word' id='word_1_18' title='bbox 1234 905 1410 986; x_wconf 89' lang='lat' dir='ltr'>juratorum</span> <span class='ocrx_word' id='word_1_19' title='bbox 1435 908 1502 989; x_wconf 90' lang='lat' dir='ltr'>ipse</span> 
     </span>
     <span class='ocr_line' id='line_1_4' title="bbox 239 1009 1501 1075; baseline 0.002 -3"><span class='ocrx_word' id='word_1_20' title='bbox 239 1010 487 1072; x_wconf 90' lang='lat' dir='ltr'>Bartholomeus</span> <span class='ocrx_word' id='word_1_21' title='bbox 510 1029 576 1070; x_wconf 93' lang='lat' dir='ltr'>non</span> <span class='ocrx_word' id='word_1_22' title='bbox 602 1024 772 1071; x_wconf 88' lang='lat' dir='ltr'>contentus</span> <span class='ocrx_word' id='word_1_23' title='bbox 796 1009 932 1070; x_wconf 86' lang='lat' dir='ltr'>eandem</span> <span class='ocrx_word' id='word_1_24' title='bbox 965 1029 1093 1070; x_wconf 90' lang='lat' dir='ltr'>causam</span> <span class='ocrx_word' id='word_1_25' title='bbox 1125 1011 1165 1072; x_wconf 89' lang='lat' dir='ltr'>ad</span> <span class='ocrx_word' id='word_1_26' title='bbox 1189 1011 1333 1073; x_wconf 87' lang='lat' dir='ltr'>seniores</span> <span class='ocrx_word' id='word_1_27' title='bbox 1356 1013 1501 1075; x_wconf 88' lang='lat' dir='ltr'>eiusdem</span> 
     </span>
     <span class='ocr_line' id='line_1_5' title="bbox 237 1115 1502 1202; baseline 0.002 -24"><span class='ocrx_word' id='word_1_28' title='bbox 237 1117 374 1179; x_wconf 90' lang='lat' dir='ltr'>civitatis</span> <span class='ocrx_word' id='word_1_29' title='bbox 399 1117 591 1199; x_wconf 82' lang='lat' dir='ltr'>appellasset</span> <span class='ocrx_word' id='word_1_30' title='bbox 615 1115 746 1196; x_wconf 89' lang='lat' dir='ltr'>judices,</span> <span class='ocrx_word' id='word_1_31' title='bbox 781 1115 1013 1197; x_wconf 88' lang='lat' dir='ltr'>quamquidem</span> <span class='ocrx_word' id='word_1_32' title='bbox 1042 1136 1170 1178; x_wconf 90' lang='lat' dir='ltr'>causam</span> <span class='ocrx_word' id='word_1_33' title='bbox 1204 1117 1263 1200; x_wconf 89' lang='lat' dir='ltr'>ipsi</span> <span class='ocrx_word' id='word_1_34' title='bbox 1287 1118 1429 1180; x_wconf 83' lang='lat' dir='ltr'>seniores</span> <span class='ocrx_word' id='word_1_35' title='bbox 1454 1119 1502 1202; x_wconf 88' lang='lat' dir='ltr'>ju-</span> 
     </span>
     <span class='ocr_line' id='line_1_6' title="bbox 239 1221 1501 1304; baseline 0.003 -21"><span class='ocrx_word' id='word_1_36' title='bbox 239 1224 325 1284; x_wconf 87' lang='lat' dir='ltr'>dices</span> <span class='ocrx_word' id='word_1_37' title='bbox 349 1243 406 1304; x_wconf 89' lang='lat' dir='ltr'>per</span> <span class='ocrx_word' id='word_1_38' title='bbox 423 1236 592 1284; x_wconf 91' lang='lat' dir='ltr'>annotatos</span> <span class='ocrx_word' id='word_1_39' title='bbox 610 1238 726 1284; x_wconf 89' lang='lat' dir='ltr'>eotunc</span> <span class='ocrx_word' id='word_1_40' title='bbox 743 1221 863 1302; x_wconf 80' lang='lat' dir='ltr'>juratos</span> <span class='ocrx_word' id='word_1_41' title='bbox 881 1221 1107 1302; x_wconf 77' lang='lat' dir='ltr'>adjudicatam,</span> <span class='ocrx_word' id='word_1_42' title='bbox 1130 1222 1210 1303; x_wconf 85' lang='lat' dir='ltr'>juste</span> <span class='ocrx_word' id='word_1_43' title='bbox 1227 1238 1258 1285; x_wconf 92' lang='lat' dir='ltr'>et</span> <span class='ocrx_word' id='word_1_44' title='bbox 1274 1224 1384 1286; x_wconf 90' lang='lat' dir='ltr'>debito</span> <span class='ocrx_word' id='word_1_45' title='bbox 1403 1225 1501 1287; x_wconf 91' lang='lat' dir='ltr'>modo</span> 
     </span>
     <span class='ocr_line' id='line_1_7' title="bbox 239 1327 1500 1413; baseline 0.002 -22"><span class='ocrx_word' id='word_1_46' title='bbox 239 1328 307 1391; x_wconf 86' lang='lat' dir='ltr'>lore</span> <span class='ocrx_word' id='word_1_47' title='bbox 325 1329 539 1410; x_wconf 80' lang='lat' dir='ltr'>adjudicatam</span> <span class='ocrx_word' id='word_1_48' title='bbox 566 1327 633 1391; x_wconf 86' lang='lat' dir='ltr'>lore</span> <span class='ocrx_word' id='word_1_49' title='bbox 659 1329 849 1411; x_wconf 85' lang='lat' dir='ltr'>reperissent</span> <span class='ocrx_word' id='word_1_50' title='bbox 874 1342 905 1390; x_wconf 91' lang='lat' dir='ltr'>et</span> <span class='ocrx_word' id='word_1_51' title='bbox 921 1330 1204 1410; x_wconf 89' lang='lat' dir='ltr'>pronunciassent;</span> <span class='ocrx_word' id='word_1_52' title='bbox 1228 1343 1259 1393; x_wconf 89' lang='lat' dir='ltr'>et</span> <span class='ocrx_word' id='word_1_53' title='bbox 1282 1331 1411 1393; x_wconf 92' lang='lat' dir='ltr'>tandem</span> <span class='ocrx_word' id='word_1_54' title='bbox 1430 1332 1500 1413; x_wconf 90' lang='lat' dir='ltr'>ipso</span> 
     </span>
     <span class='ocr_line' id='line_1_8' title="bbox 238 1434 1502 1518; baseline 0.004 -22"><span class='ocrx_word' id='word_1_55' title='bbox 238 1436 377 1496; x_wconf 92' lang='lat' dir='ltr'>termino</span> <span class='ocrx_word' id='word_1_56' title='bbox 410 1435 509 1517; x_wconf 88' lang='lat' dir='ltr'>ipsius</span> <span class='ocrx_word' id='word_1_57' title='bbox 540 1434 760 1514; x_wconf 89' lang='lat' dir='ltr'>juramentalis</span> <span class='ocrx_word' id='word_1_58' title='bbox 791 1435 1009 1516; x_wconf 88' lang='lat' dir='ltr'>deposicionis</span> <span class='ocrx_word' id='word_1_59' title='bbox 1040 1436 1230 1498; x_wconf 86' lang='lat' dir='ltr'>adveniente</span> <span class='ocrx_word' id='word_1_60' title='bbox 1263 1435 1405 1518; x_wconf 86' lang='lat' dir='ltr'>prelatus</span> <span class='ocrx_word' id='word_1_61' title='bbox 1431 1438 1502 1501; x_wconf 90' lang='lat' dir='ltr'>Ste-</span> 
     </span>
     <span class='ocr_line' id='line_1_9' title="bbox 239 1540 1501 1627; baseline 0.003 -25"><span class='ocrx_word' id='word_1_62' title='bbox 239 1540 362 1624; x_wconf 90' lang='lat' dir='ltr'>phanus</span> <span class='ocrx_word' id='word_1_63' title='bbox 387 1541 560 1623; x_wconf 85' lang='lat' dir='ltr'>Hungarus</span> <span class='ocrx_word' id='word_1_64' title='bbox 584 1542 704 1602; x_wconf 91' lang='lat' dir='ltr'>dictum</span> <span class='ocrx_word' id='word_1_65' title='bbox 730 1561 823 1602; x_wconf 90' lang='lat' dir='ltr'>suum</span> <span class='ocrx_word' id='word_1_66' title='bbox 848 1541 1062 1623; x_wconf 88' lang='lat' dir='ltr'>juramentum</span> <span class='ocrx_word' id='word_1_67' title='bbox 1088 1560 1196 1604; x_wconf 92' lang='lat' dir='ltr'>coram</span> <span class='ocrx_word' id='word_1_68' title='bbox 1220 1562 1286 1604; x_wconf 94' lang='lat' dir='ltr'>uno</span> <span class='ocrx_word' id='word_1_69' title='bbox 1312 1557 1429 1607; x_wconf 90' lang='lat' dir='ltr'>eotunc</span> <span class='ocrx_word' id='word_1_70' title='bbox 1453 1545 1501 1627; x_wconf 86' lang='lat' dir='ltr'>ju-</span> 
     </span>
     <span class='ocr_line' id='line_1_10' title="bbox 239 1646 1503 1732; baseline 0.003 -24"><span class='ocrx_word' id='word_1_71' title='bbox 239 1661 308 1710; x_wconf 89' lang='lat' dir='ltr'>rato</span> <span class='ocrx_word' id='word_1_72' title='bbox 333 1663 364 1709; x_wconf 92' lang='lat' dir='ltr'>et</span> <span class='ocrx_word' id='word_1_73' title='bbox 387 1649 458 1708; x_wconf 92' lang='lat' dir='ltr'>aliis</span> <span class='ocrx_word' id='word_1_74' title='bbox 482 1649 728 1729; x_wconf 88' lang='lat' dir='ltr'>quampluribus</span> <span class='ocrx_word' id='word_1_75' title='bbox 756 1646 928 1728; x_wconf 83' lang='lat' dir='ltr'>fidedignis</span> <span class='ocrx_word' id='word_1_76' title='bbox 959 1648 1103 1730; x_wconf 91' lang='lat' dir='ltr'>personis</span> <span class='ocrx_word' id='word_1_77' title='bbox 1127 1648 1168 1710; x_wconf 92' lang='lat' dir='ltr'>ad</span> <span class='ocrx_word' id='word_1_78' title='bbox 1192 1649 1224 1710; x_wconf 95' lang='lat' dir='ltr'>id</span> <span class='ocrx_word' id='word_1_79' title='bbox 1248 1649 1380 1728; x_wconf 86' lang='lat' dir='ltr'>vocatis,</span> <span class='ocrx_word' id='word_1_80' title='bbox 1406 1665 1503 1732; x_wconf 92' lang='lat' dir='ltr'>prout</span> 
     </span>
     <span class='ocr_line' id='line_1_11' title="bbox 240 1753 1502 1836; baseline 0.002 -20"><span class='ocrx_word' id='word_1_81' title='bbox 240 1755 301 1816; x_wconf 89' lang='lat' dir='ltr'>hoc</span> <span class='ocrx_word' id='word_1_82' title='bbox 326 1755 412 1816; x_wconf 92' lang='lat' dir='ltr'>idem</span> <span class='ocrx_word' id='word_1_83' title='bbox 437 1753 557 1834; x_wconf 88' lang='lat' dir='ltr'>juratus</span> <span class='ocrx_word' id='word_1_84' title='bbox 582 1755 696 1816; x_wconf 86' lang='lat' dir='ltr'>exinde</span> <span class='ocrx_word' id='word_1_85' title='bbox 721 1753 761 1815; x_wconf 91' lang='lat' dir='ltr'>ad</span> <span class='ocrx_word' id='word_1_86' title='bbox 787 1754 926 1816; x_wconf 89' lang='lat' dir='ltr'>eundem</span> <span class='ocrx_word' id='word_1_87' title='bbox 950 1754 1089 1836; x_wconf 88' lang='lat' dir='ltr'>judicem</span> <span class='ocrx_word' id='word_1_88' title='bbox 1114 1769 1145 1816; x_wconf 87' lang='lat' dir='ltr'>et</span> <span class='ocrx_word' id='word_1_89' title='bbox 1169 1769 1285 1817; x_wconf 89' lang='lat' dir='ltr'>eotunc</span> <span class='ocrx_word' id='word_1_90' title='bbox 1310 1754 1431 1834; x_wconf 89' lang='lat' dir='ltr'>juratos</span> <span class='ocrx_word' id='word_1_91' title='bbox 1455 1777 1502 1818; x_wconf 90' lang='lat' dir='ltr'>re-</span> 
     </span>
     <span class='ocr_line' id='line_1_12' title="bbox 240 1861 1501 1944; baseline 0.005 -22"><span class='ocrx_word' id='word_1_92' title='bbox 240 1862 333 1923; x_wconf 92' lang='lat' dir='ltr'>diens</span> <span class='ocrx_word' id='word_1_93' title='bbox 358 1877 389 1924; x_wconf 93' lang='lat' dir='ltr'>et</span> <span class='ocrx_word' id='word_1_94' title='bbox 414 1882 558 1924; x_wconf 88' lang='lat' dir='ltr'>reversus</span> <span class='ocrx_word' id='word_1_95' title='bbox 582 1862 751 1939; x_wconf 89' lang='lat' dir='ltr'>retulisset,</span> <span class='ocrx_word' id='word_1_96' title='bbox 768 1861 966 1943; x_wconf 84' lang='lat' dir='ltr'>prestitisset,</span> <span class='ocrx_word' id='word_1_97' title='bbox 983 1862 1184 1943; x_wconf 89' lang='lat' dir='ltr'>deposuisset</span> <span class='ocrx_word' id='word_1_98' title='bbox 1205 1875 1302 1944; x_wconf 92' lang='lat' dir='ltr'>prout</span> <span class='ocrx_word' id='word_1_99' title='bbox 1325 1861 1501 1928; x_wconf 89' lang='lat' dir='ltr'>debuisset.</span> 
     </span>
     <span class='ocr_line' id='line_1_13' title="bbox 241 1966 1503 2051; baseline 0.001 -22"><span class='ocrx_word' id='word_1_100' title='bbox 241 1969 316 2042; x_wconf 93' lang='lat' dir='ltr'>Quo</span> <span class='ocrx_word' id='word_1_101' title='bbox 342 1967 425 2030; x_wconf 87' lang='lat' dir='ltr'>lacto</span> <span class='ocrx_word' id='word_1_102' title='bbox 451 1966 591 2051; x_wconf 87' lang='lat' dir='ltr'>prelatus</span> <span class='ocrx_word' id='word_1_103' title='bbox 615 1968 778 2030; x_wconf 86' lang='lat' dir='ltr'>lohannes</span> <span class='ocrx_word' id='word_1_104' title='bbox 809 1968 903 2049; x_wconf 87' lang='lat' dir='ltr'>judex</span> <span class='ocrx_word' id='word_1_105' title='bbox 930 1982 960 2030; x_wconf 93' lang='lat' dir='ltr'>et</span> <span class='ocrx_word' id='word_1_106' title='bbox 984 1982 1102 2030; x_wconf 87' lang='lat' dir='ltr'>eotunc</span> <span class='ocrx_word' id='word_1_107' title='bbox 1133 1968 1227 2049; x_wconf 88' lang='lat' dir='ltr'>jurati</span> <span class='ocrx_word' id='word_1_108' title='bbox 1252 1983 1282 2029; x_wconf 91' lang='lat' dir='ltr'>et</span> <span class='ocrx_word' id='word_1_109' title='bbox 1307 1981 1419 2051; x_wconf 88' lang='lat' dir='ltr'>expost</span> <span class='ocrx_word' id='word_1_110' title='bbox 1444 1989 1503 2032; x_wconf 90' lang='lat' dir='ltr'>nos</span> 
     </span>
     <span class='ocr_line' id='line_1_14' title="bbox 239 2074 1501 2156; baseline 0.002 -20"><span class='ocrx_word' id='word_1_111' title='bbox 239 2075 336 2156; x_wconf 87' lang='lat' dir='ltr'>judex</span> <span class='ocrx_word' id='word_1_112' title='bbox 360 2076 545 2153; x_wconf 90' lang='lat' dir='ltr'>modernus,</span> <span class='ocrx_word' id='word_1_113' title='bbox 569 2074 739 2156; x_wconf 79' lang='lat' dir='ltr'>juratique,</span> <span class='ocrx_word' id='word_1_114' title='bbox 758 2075 931 2136; x_wconf 89' lang='lat' dir='ltr'>consiliarii</span> <span class='ocrx_word' id='word_1_115' title='bbox 950 2089 980 2136; x_wconf 92' lang='lat' dir='ltr'>et</span> <span class='ocrx_word' id='word_1_116' title='bbox 997 2075 1136 2136; x_wconf 88' lang='lat' dir='ltr'>universi</span> <span class='ocrx_word' id='word_1_117' title='bbox 1154 2075 1239 2136; x_wconf 91' lang='lat' dir='ltr'>cives</span> <span class='ocrx_word' id='word_1_118' title='bbox 1261 2075 1407 2138; x_wconf 91' lang='lat' dir='ltr'>eiusdem</span> <span class='ocrx_word' id='word_1_119' title='bbox 1425 2077 1501 2138; x_wconf 86' lang='lat' dir='ltr'>civi-</span> 
     </span>
     <span class='ocr_line' id='line_1_15' title="bbox 239 2180 1502 2266; baseline 0.002 -24"><span class='ocrx_word' id='word_1_120' title='bbox 239 2183 312 2243; x_wconf 92' lang='lat' dir='ltr'>tatis</span> <span class='ocrx_word' id='word_1_121' title='bbox 337 2195 503 2263; x_wconf 87' lang='lat' dir='ltr'>tamquam</span> <span class='ocrx_word' id='word_1_122' title='bbox 528 2181 646 2262; x_wconf 90' lang='lat' dir='ltr'>quibus</span> <span class='ocrx_word' id='word_1_123' title='bbox 671 2182 828 2242; x_wconf 91' lang='lat' dir='ltr'>incumbit</span> <span class='ocrx_word' id='word_1_124' title='bbox 853 2181 1026 2262; x_wconf 88' lang='lat' dir='ltr'>unicuique</span> <span class='ocrx_word' id='word_1_125' title='bbox 1051 2203 1067 2242; x_wconf 90' lang='lat' dir='ltr'>a</span> <span class='ocrx_word' id='word_1_126' title='bbox 1093 2181 1186 2243; x_wconf 94' lang='lat' dir='ltr'>nobis</span> <span class='ocrx_word' id='word_1_127' title='bbox 1210 2180 1335 2262; x_wconf 91' lang='lat' dir='ltr'>justicie</span> <span class='ocrx_word' id='word_1_128' title='bbox 1361 2183 1502 2266; x_wconf 89' lang='lat' dir='ltr'>comple-</span> 
     </span>
     <span class='ocr_line' id='line_1_16' title="bbox 241 2287 1502 2372; baseline 0.002 -23"><span class='ocrx_word' id='word_1_129' title='bbox 241 2301 384 2350; x_wconf 87' lang='lat' dir='ltr'>mentum</span> <span class='ocrx_word' id='word_1_130' title='bbox 402 2288 577 2371; x_wconf 88' lang='lat' dir='ltr'>postulanti</span> <span class='ocrx_word' id='word_1_131' title='bbox 602 2307 666 2348; x_wconf 94' lang='lat' dir='ltr'>non</span> <span class='ocrx_word' id='word_1_132' title='bbox 693 2287 851 2368; x_wconf 87' lang='lat' dir='ltr'>denegare</span> <span class='ocrx_word' id='word_1_133' title='bbox 875 2287 930 2347; x_wconf 89' lang='lat' dir='ltr'>sed</span> <span class='ocrx_word' id='word_1_134' title='bbox 956 2287 1122 2368; x_wconf 89' lang='lat' dir='ltr'>impertiri,</span> <span class='ocrx_word' id='word_1_135' title='bbox 1148 2307 1203 2369; x_wconf 90' lang='lat' dir='ltr'>per</span> <span class='ocrx_word' id='word_1_136' title='bbox 1227 2288 1396 2350; x_wconf 87' lang='lat' dir='ltr'>instantem</span> <span class='ocrx_word' id='word_1_137' title='bbox 1422 2290 1502 2372; x_wconf 92' lang='lat' dir='ltr'>peti·</span> 
     </span>
     <span class='ocr_line' id='line_1_17' title="bbox 240 2392 1503 2476; baseline 0.001 -20"><span class='ocrx_word' id='word_1_138' title='bbox 240 2395 367 2456; x_wconf 89' lang='lat' dir='ltr'>cionem</span> <span class='ocrx_word' id='word_1_139' title='bbox 393 2395 537 2455; x_wconf 90' lang='lat' dir='ltr'>annotati</span> <span class='ocrx_word' id='word_1_140' title='bbox 563 2393 717 2476; x_wconf 89' lang='lat' dir='ltr'>Stephani</span> <span class='ocrx_word' id='word_1_141' title='bbox 743 2393 889 2474; x_wconf 87' lang='lat' dir='ltr'>Hungari</span> <span class='ocrx_word' id='word_1_142' title='bbox 913 2394 1029 2454; x_wconf 89' lang='lat' dir='ltr'>actoris</span> <span class='ocrx_word' id='word_1_143' title='bbox 1053 2392 1176 2476; x_wconf 86' lang='lat' dir='ltr'>prefato</span> <span class='ocrx_word' id='word_1_144' title='bbox 1194 2394 1332 2456; x_wconf 77' lang='lat' dir='ltr'>iohanni</span> <span class='ocrx_word' id='word_1_145' title='bbox 1357 2393 1454 2476; x_wconf 90' lang='lat' dir='ltr'>judici</span> <span class='ocrx_word' id='word_1_146' title='bbox 1472 2409 1503 2457; x_wconf 90' lang='lat' dir='ltr'>et</span> 
     </span>
     <span class='ocr_line' id='line_1_18' title="bbox 242 2499 1502 2583; baseline 0.001 -21"><span class='ocrx_word' id='word_1_147' title='bbox 242 2516 358 2562; x_wconf 90' lang='lat' dir='ltr'>eotunc</span> <span class='ocrx_word' id='word_1_148' title='bbox 383 2501 493 2582; x_wconf 80' lang='lat' dir='ltr'>juratis</span> <span class='ocrx_word' id='word_1_149' title='bbox 516 2500 706 2583; x_wconf 89' lang='lat' dir='ltr'>supradictis</span> <span class='ocrx_word' id='word_1_150' title='bbox 730 2519 785 2581; x_wconf 92' lang='lat' dir='ltr'>per</span> <span class='ocrx_word' id='word_1_151' title='bbox 818 2500 956 2561; x_wconf 90' lang='lat' dir='ltr'>eundem</span> <span class='ocrx_word' id='word_1_152' title='bbox 983 2499 1182 2581; x_wconf 91' lang='lat' dir='ltr'>Stephanum</span> <span class='ocrx_word' id='word_1_153' title='bbox 1207 2500 1400 2582; x_wconf 82' lang='lat' dir='ltr'>Hungarum</span> <span class='ocrx_word' id='word_1_154' title='bbox 1424 2499 1502 2582; x_wconf 88' lang='lat' dir='ltr'>juri·</span> 
     </span>
     <span class='ocr_line' id='line_1_19' title="bbox 242 2605 1501 2689; baseline 0.001 -21"><span class='ocrx_word' id='word_1_155' title='bbox 242 2627 385 2669; x_wconf 88' lang='lat' dir='ltr'>consone</span> <span class='ocrx_word' id='word_1_156' title='bbox 409 2621 601 2689; x_wconf 85' lang='lat' dir='ltr'>porrectam,</span> <span class='ocrx_word' id='word_1_157' title='bbox 614 2605 739 2688; x_wconf 85' lang='lat' dir='ltr'>prelato</span> <span class='ocrx_word' id='word_1_158' title='bbox 756 2606 985 2668; x_wconf 87' lang='lat' dir='ltr'>Bartholomeo</span> <span class='ocrx_word' id='word_1_159' title='bbox 1005 2605 1135 2689; x_wconf 90' lang='lat' dir='ltr'>Gaydar</span> <span class='ocrx_word' id='word_1_160' title='bbox 1158 2621 1189 2668; x_wconf 91' lang='lat' dir='ltr'>et</span> <span class='ocrx_word' id='word_1_161' title='bbox 1206 2607 1338 2669; x_wconf 90' lang='lat' dir='ltr'>domine</span> <span class='ocrx_word' id='word_1_162' title='bbox 1363 2608 1501 2670; x_wconf 87' lang='lat' dir='ltr'>Barbare</span> 
     </span>
     <span class='ocr_line' id='line_1_20' title="bbox 241 2712 1500 2796; baseline 0.002 -22"><span class='ocrx_word' id='word_1_163' title='bbox 241 2715 382 2775; x_wconf 89' lang='lat' dir='ltr'>consorti</span> <span class='ocrx_word' id='word_1_164' title='bbox 407 2714 551 2775; x_wconf 86' lang='lat' dir='ltr'>eiusdem</span> <span class='ocrx_word' id='word_1_165' title='bbox 572 2713 657 2794; x_wconf 90' lang='lat' dir='ltr'>juxta</span> <span class='ocrx_word' id='word_1_166' title='bbox 676 2713 852 2796; x_wconf 91' lang='lat' dir='ltr'>predictam</span> <span class='ocrx_word' id='word_1_167' title='bbox 870 2712 1183 2775; x_wconf 81' lang='lat' dir='ltr'>consuetudinariam</span> <span class='ocrx_word' id='word_1_168' title='bbox 1201 2713 1307 2794; x_wconf 81' lang='lat' dir='ltr'>legem</span> <span class='ocrx_word' id='word_1_169' title='bbox 1324 2713 1408 2776; x_wconf 91' lang='lat' dir='ltr'>dicte</span> <span class='ocrx_word' id='word_1_170' title='bbox 1425 2714 1500 2776; x_wconf 87' lang='lat' dir='ltr'>civi-</span> 
     </span>
     <span class='ocr_line' id='line_1_21' title="bbox 240 2819 1502 2902; baseline 0.002 -22"><span class='ocrx_word' id='word_1_171' title='bbox 240 2820 312 2882; x_wconf 87' lang='lat' dir='ltr'>tatis</span> <span class='ocrx_word' id='word_1_172' title='bbox 337 2840 393 2902; x_wconf 88' lang='lat' dir='ltr'>per</span> <span class='ocrx_word' id='word_1_173' title='bbox 417 2819 525 2880; x_wconf 91' lang='lat' dir='ltr'>literas</span> <span class='ocrx_word' id='word_1_174' title='bbox 548 2835 672 2880; x_wconf 90' lang='lat' dir='ltr'>nostras</span> <span class='ocrx_word' id='word_1_175' title='bbox 697 2834 727 2880; x_wconf 90' lang='lat' dir='ltr'>et</span> <span class='ocrx_word' id='word_1_176' title='bbox 758 2819 841 2880; x_wconf 89' lang='lat' dir='ltr'>dicte</span> <span class='ocrx_word' id='word_1_177' title='bbox 874 2819 1010 2882; x_wconf 84' lang='lat' dir='ltr'>civitatis</span> <span class='ocrx_word' id='word_1_178' title='bbox 1043 2820 1102 2901; x_wconf 92' lang='lat' dir='ltr'>ipsi</span> <span class='ocrx_word' id='word_1_179' title='bbox 1128 2819 1358 2883; x_wconf 90' lang='lat' dir='ltr'>Bartholomeo</span> <span class='ocrx_word' id='word_1_180' title='bbox 1390 2833 1421 2882; x_wconf 92' lang='lat' dir='ltr'>et</span> <span class='ocrx_word' id='word_1_181' title='bbox 1445 2821 1502 2882; x_wconf 94' lang='lat' dir='ltr'>do·</span> 
     </span>
     <span class='ocr_line' id='line_1_22' title="bbox 240 2925 1501 3006; baseline 0.002 -20"><span class='ocrx_word' id='word_1_182' title='bbox 240 2926 326 2986; x_wconf 90' lang='lat' dir='ltr'>mine</span> <span class='ocrx_word' id='word_1_183' title='bbox 353 2926 491 2987; x_wconf 89' lang='lat' dir='ltr'>Barbare</span> <span class='ocrx_word' id='word_1_184' title='bbox 509 2926 648 2987; x_wconf 94' lang='lat' dir='ltr'>consorti</span> <span class='ocrx_word' id='word_1_185' title='bbox 673 2945 728 2986; x_wconf 92' lang='lat' dir='ltr'>sue</span> <span class='ocrx_word' id='word_1_186' title='bbox 747 2945 803 3006; x_wconf 90' lang='lat' dir='ltr'>per</span> <span class='ocrx_word' id='word_1_187' title='bbox 820 2925 958 2987; x_wconf 90' lang='lat' dir='ltr'>eundem</span> <span class='ocrx_word' id='word_1_188' title='bbox 974 2925 1153 2988; x_wconf 89' lang='lat' dir='ltr'>lohannern</span> <span class='ocrx_word' id='word_1_189' title='bbox 1172 2925 1311 3006; x_wconf 90' lang='lat' dir='ltr'>judicem</span> <span class='ocrx_word' id='word_1_190' title='bbox 1336 2941 1368 2989; x_wconf 92' lang='lat' dir='ltr'>et</span> <span class='ocrx_word' id='word_1_191' title='bbox 1385 2941 1501 2989; x_wconf 88' lang='lat' dir='ltr'>eotunc</span> 
     </span>
     <span class='ocr_line' id='line_1_23' title="bbox 240 3031 1502 3113; baseline 0.002 -21"><span class='ocrx_word' id='word_1_192' title='bbox 240 3031 359 3112; x_wconf 82' lang='lat' dir='ltr'>juratos</span> <span class='ocrx_word' id='word_1_193' title='bbox 383 3032 423 3092; x_wconf 90' lang='lat' dir='ltr'>ad</span> <span class='ocrx_word' id='word_1_194' title='bbox 448 3031 566 3092; x_wconf 88' lang='lat' dir='ltr'>dictam</span> <span class='ocrx_word' id='word_1_195' title='bbox 592 3032 834 3113; x_wconf 86' lang='lat' dir='ltr'>Rakaspurgam</span> <span class='ocrx_word' id='word_1_196' title='bbox 850 3033 1051 3094; x_wconf 89' lang='lat' dir='ltr'>transmissas</span> <span class='ocrx_word' id='word_1_197' title='bbox 1075 3032 1390 3113; x_wconf 88' lang='lat' dir='ltr'>quintumdecimum</span> <span class='ocrx_word' id='word_1_198' title='bbox 1414 3031 1502 3094; x_wconf 89' lang='lat' dir='ltr'>diem</span> 
     </span>
     <span class='ocr_line' id='line_1_24' title="bbox 240 3136 1499 3220; baseline 0.002 -23"><span class='ocrx_word' id='word_1_199' title='bbox 240 3158 257 3197; x_wconf 91' lang='lat' dir='ltr'>a</span> <span class='ocrx_word' id='word_1_200' title='bbox 282 3137 423 3220; x_wconf 89' lang='lat' dir='ltr'>predicta</span> <span class='ocrx_word' id='word_1_201' title='bbox 448 3137 498 3198; x_wconf 93' lang='lat' dir='ltr'>die</span> <span class='ocrx_word' id='word_1_202' title='bbox 525 3151 555 3199; x_wconf 94' lang='lat' dir='ltr'>et</span> <span class='ocrx_word' id='word_1_203' title='bbox 572 3137 710 3198; x_wconf 90' lang='lat' dir='ltr'>termino</span> <span class='ocrx_word' id='word_1_204' title='bbox 727 3136 943 3218; x_wconf 89' lang='lat' dir='ltr'>deposicionis</span> <span class='ocrx_word' id='word_1_205' title='bbox 967 3137 1065 3219; x_wconf 89' lang='lat' dir='ltr'>ipsius</span> <span class='ocrx_word' id='word_1_206' title='bbox 1082 3137 1252 3218; x_wconf 88' lang='lat' dir='ltr'>juramenti</span> <span class='ocrx_word' id='word_1_207' title='bbox 1266 3137 1499 3220; x_wconf 87' lang='lat' dir='ltr'>computando,</span> 
     </span>
     <span class='ocr_line' id='line_1_25' title="bbox 246 3242 1503 3325; baseline 0.001 -21"><span class='ocrx_word' id='word_1_208' title='bbox 246 3257 276 3304; x_wconf 93' lang='lat' dir='ltr'>et</span> <span class='ocrx_word' id='word_1_209' title='bbox 301 3244 443 3324; x_wconf 88' lang='lat' dir='ltr'>expirato</span> <span class='ocrx_word' id='word_1_210' title='bbox 467 3244 537 3325; x_wconf 83' lang='lat' dir='ltr'>ipso</span> <span class='ocrx_word' id='word_1_211' title='bbox 562 3242 806 3324; x_wconf 90' lang='lat' dir='ltr'>quintodecimo</span> <span class='ocrx_word' id='word_1_212' title='bbox 831 3243 882 3304; x_wconf 92' lang='lat' dir='ltr'>die</span> <span class='ocrx_word' id='word_1_213' title='bbox 907 3259 937 3304; x_wconf 92' lang='lat' dir='ltr'>et</span> <span class='ocrx_word' id='word_1_214' title='bbox 963 3264 1027 3304; x_wconf 92' lang='lat' dir='ltr'>non</span> <span class='ocrx_word' id='word_1_215' title='bbox 1053 3243 1228 3325; x_wconf 91' lang='lat' dir='ltr'>persoluto,</span> <span class='ocrx_word' id='word_1_216' title='bbox 1256 3244 1391 3306; x_wconf 89' lang='lat' dir='ltr'>tercium</span> <span class='ocrx_word' id='word_1_217' title='bbox 1417 3244 1503 3306; x_wconf 92' lang='lat' dir='ltr'>diem</span> 
     </span>
     <span class='ocr_line' id='line_1_26' title="bbox 243 3349 1503 3431; baseline 0.001 -22"><span class='ocrx_word' id='word_1_218' title='bbox 243 3362 273 3410; x_wconf 93' lang='lat' dir='ltr'>et</span> <span class='ocrx_word' id='word_1_219' title='bbox 286 3349 355 3431; x_wconf 92' lang='lat' dir='ltr'>ipso</span> <span class='ocrx_word' id='word_1_220' title='bbox 369 3350 468 3411; x_wconf 91' lang='lat' dir='ltr'>tercio</span> <span class='ocrx_word' id='word_1_221' title='bbox 482 3349 534 3410; x_wconf 90' lang='lat' dir='ltr'>die</span> <span class='ocrx_word' id='word_1_222' title='bbox 545 3349 692 3411; x_wconf 88' lang='lat' dir='ltr'>similiter</span> <span class='ocrx_word' id='word_1_223' title='bbox 708 3349 849 3410; x_wconf 93' lang='lat' dir='ltr'>insoluto</span> <span class='ocrx_word' id='word_1_224' title='bbox 871 3351 1032 3430; x_wconf 90' lang='lat' dir='ltr'>preterito,</span> <span class='ocrx_word' id='word_1_225' title='bbox 1050 3369 1150 3410; x_wconf 90' lang='lat' dir='ltr'>unum</span> <span class='ocrx_word' id='word_1_226' title='bbox 1175 3367 1231 3410; x_wconf 89' lang='lat' dir='ltr'>seu</span> <span class='ocrx_word' id='word_1_227' title='bbox 1248 3363 1399 3431; x_wconf 91' lang='lat' dir='ltr'>quartum</span> <span class='ocrx_word' id='word_1_228' title='bbox 1417 3350 1503 3411; x_wconf 87' lang='lat' dir='ltr'>diem</span> 
     </span>
     <span class='ocr_line' id='line_1_27' title="bbox 242 3454 1503 3538; baseline 0 -22"><span class='ocrx_word' id='word_1_229' title='bbox 242 3455 425 3537; x_wconf 78' lang='lat' dir='ltr'>juridicum,</span> <span class='ocrx_word' id='word_1_230' title='bbox 450 3475 485 3517; x_wconf 89' lang='lat' dir='ltr'>ac</span> <span class='ocrx_word' id='word_1_231' title='bbox 510 3455 580 3538; x_wconf 93' lang='lat' dir='ltr'>ipso</span> <span class='ocrx_word' id='word_1_232' title='bbox 607 3475 645 3517; x_wconf 92' lang='lat' dir='ltr'>eo</span> <span class='ocrx_word' id='word_1_233' title='bbox 663 3469 694 3516; x_wconf 91' lang='lat' dir='ltr'>et</span> <span class='ocrx_word' id='word_1_234' title='bbox 718 3470 833 3537; x_wconf 90' lang='lat' dir='ltr'>quarto</span> <span class='ocrx_word' id='word_1_235' title='bbox 851 3455 903 3516; x_wconf 90' lang='lat' dir='ltr'>die</span> <span class='ocrx_word' id='word_1_236' title='bbox 927 3455 1074 3517; x_wconf 88' lang='lat' dir='ltr'>similiter</span> <span class='ocrx_word' id='word_1_237' title='bbox 1098 3456 1239 3516; x_wconf 91' lang='lat' dir='ltr'>insoluto</span> <span class='ocrx_word' id='word_1_238' title='bbox 1261 3454 1381 3536; x_wconf 89' lang='lat' dir='ltr'>elapso,</span> <span class='ocrx_word' id='word_1_239' title='bbox 1406 3474 1503 3536; x_wconf 92' lang='lat' dir='ltr'>quam</span> 
     </span>
     <span class='ocr_line' id='line_1_28' title="bbox 242 3560 1504 3644; baseline -0.001 -21"><span class='ocrx_word' id='word_1_240' title='bbox 242 3562 399 3644; x_wconf 90' lang='lat' dir='ltr'>plurimos</span> <span class='ocrx_word' id='word_1_241' title='bbox 430 3563 530 3624; x_wconf 91' lang='lat' dir='ltr'>immo</span> <span class='ocrx_word' id='word_1_242' title='bbox 563 3575 594 3624; x_wconf 92' lang='lat' dir='ltr'>et</span> <span class='ocrx_word' id='word_1_243' title='bbox 623 3560 818 3623; x_wconf 83' lang='lat' dir='ltr'>sufficientes</span> <span class='ocrx_word' id='word_1_244' title='bbox 849 3562 1004 3622; x_wconf 91' lang='lat' dir='ltr'>terminos</span> <span class='ocrx_word' id='word_1_245' title='bbox 1027 3561 1197 3642; x_wconf 82' lang='lat' dir='ltr'>juridicos3</span> <span class='ocrx_word' id='word_1_246' title='bbox 1219 3574 1250 3623; x_wconf 91' lang='lat' dir='ltr'>et</span> <span class='ocrx_word' id='word_1_247' title='bbox 1280 3561 1411 3622; x_wconf 89' lang='lat' dir='ltr'>tandem</span> <span class='ocrx_word' id='word_1_248' title='bbox 1444 3581 1504 3622; x_wconf 90' lang='lat' dir='ltr'>nos</span> 
     </span>
     <span class='ocr_line' id='line_1_29' title="bbox 241 3667 1502 3750; baseline -0.002 -21"><span class='ocrx_word' id='word_1_249' title='bbox 241 3667 338 3748; x_wconf 92' lang='lat' dir='ltr'>judex</span> <span class='ocrx_word' id='word_1_250' title='bbox 363 3669 538 3730; x_wconf 90' lang='lat' dir='ltr'>modernus</span> <span class='ocrx_word' id='word_1_251' title='bbox 563 3681 594 3730; x_wconf 92' lang='lat' dir='ltr'>et</span> <span class='ocrx_word' id='word_1_252' title='bbox 617 3667 711 3750; x_wconf 76' lang='lat' dir='ltr'>jurati</span> <span class='ocrx_word' id='word_1_253' title='bbox 736 3669 884 3729; x_wconf 89' lang='lat' dir='ltr'>similiter</span> <span class='ocrx_word' id='word_1_254' title='bbox 901 3687 956 3749; x_wconf 90' lang='lat' dir='ltr'>pet</span> <span class='ocrx_word' id='word_1_255' title='bbox 980 3668 1087 3729; x_wconf 89' lang='lat' dir='ltr'>literas</span> <span class='ocrx_word' id='word_1_256' title='bbox 1111 3681 1234 3728; x_wconf 87' lang='lat' dir='ltr'>nostras</span> <span class='ocrx_word' id='word_1_257' title='bbox 1258 3681 1289 3729; x_wconf 90' lang='lat' dir='ltr'>et</span> <span class='ocrx_word' id='word_1_258' title='bbox 1315 3667 1401 3728; x_wconf 88' lang='lat' dir='ltr'>dicte</span> <span class='ocrx_word' id='word_1_259' title='bbox 1426 3667 1502 3728; x_wconf 89' lang='lat' dir='ltr'>civi·</span> 
     </span>
     <span class='ocr_line' id='line_1_30' title="bbox 241 3771 1503 3856; baseline -0.002 -21"><span class='ocrx_word' id='word_1_260' title='bbox 241 3776 314 3837; x_wconf 89' lang='lat' dir='ltr'>tatis</span> <span class='ocrx_word' id='word_1_261' title='bbox 337 3775 397 3856; x_wconf 88' lang='lat' dir='ltr'>ipsi</span> <span class='ocrx_word' id='word_1_262' title='bbox 424 3775 653 3837; x_wconf 76' lang='lat' dir='ltr'>bartholomeo</span> <span class='ocrx_word' id='word_1_263' title='bbox 678 3788 709 3836; x_wconf 92' lang='lat' dir='ltr'>et</span> <span class='ocrx_word' id='word_1_264' title='bbox 732 3775 864 3836; x_wconf 90' lang='lat' dir='ltr'>domine</span> <span class='ocrx_word' id='word_1_265' title='bbox 890 3774 1026 3835; x_wconf 90' lang='lat' dir='ltr'>Barbare</span> <span class='ocrx_word' id='word_1_266' title='bbox 1051 3773 1191 3834; x_wconf 91' lang='lat' dir='ltr'>consorti</span> <span class='ocrx_word' id='word_1_267' title='bbox 1215 3771 1359 3834; x_wconf 89' lang='lat' dir='ltr'>eiusdem</span> <span class='ocrx_word' id='word_1_268' title='bbox 1385 3792 1421 3833; x_wconf 89' lang='lat' dir='ltr'>ac</span> <span class='ocrx_word' id='word_1_269' title='bbox 1444 3772 1503 3834; x_wconf 94' lang='lat' dir='ltr'>toti</span> 
     </span>
     <span class='ocr_line' id='line_1_31' title="bbox 242 3879 1505 3962; baseline -0.002 -20"><span class='ocrx_word' id='word_1_270' title='bbox 242 3881 465 3943; x_wconf 87' lang='lat' dir='ltr'>communitati</span> <span class='ocrx_word' id='word_1_271' title='bbox 485 3882 603 3942; x_wconf 90' lang='lat' dir='ltr'>civium</span> <span class='ocrx_word' id='word_1_272' title='bbox 629 3882 766 3943; x_wconf 88' lang='lat' dir='ltr'>civitatis</span> <span class='ocrx_word' id='word_1_273' title='bbox 784 3882 823 3942; x_wconf 94' lang='lat' dir='ltr'>de</span> <span class='ocrx_word' id='word_1_274' title='bbox 841 3881 923 3942; x_wconf 89' lang='lat' dir='ltr'>dicta</span> <span class='ocrx_word' id='word_1_275' title='bbox 942 3881 1149 3962; x_wconf 86' lang='lat' dir='ltr'>Ralraspurga</span> <span class='ocrx_word' id='word_1_276' title='bbox 1166 3898 1261 3961; x_wconf 89' lang='lat' dir='ltr'>super</span> <span class='ocrx_word' id='word_1_277' title='bbox 1284 3898 1323 3940; x_wconf 94' lang='lat' dir='ltr'>eo</span> <span class='ocrx_word' id='word_1_278' title='bbox 1347 3879 1505 3940; x_wconf 88' lang='lat' dir='ltr'>ammoni·</span> 
     </span>
     <span class='ocr_line' id='line_1_32' title="bbox 241 3983 1505 4069; baseline -0.001 -21"><span class='ocrx_word' id='word_1_279' title='bbox 241 3987 339 4048; x_wconf 87' lang='lat' dir='ltr'>turias</span> <span class='ocrx_word' id='word_1_280' title='bbox 363 3988 581 4049; x_wconf 85' lang='lat' dir='ltr'>direxeramus</span> <span class='ocrx_word' id='word_1_281' title='bbox 605 3988 822 4069; x_wconf 82' lang='lat' dir='ltr'>assignandas,</span> <span class='ocrx_word' id='word_1_282' title='bbox 847 4001 881 4049; x_wconf 93' lang='lat' dir='ltr'>ut</span> <span class='ocrx_word' id='word_1_283' title='bbox 905 3988 972 4069; x_wconf 90' lang='lat' dir='ltr'>ipse</span> <span class='ocrx_word' id='word_1_284' title='bbox 991 3987 1215 4048; x_wconf 88' lang='lat' dir='ltr'>Bartolomeus</span> <span class='ocrx_word' id='word_1_285' title='bbox 1240 3983 1370 4068; x_wconf 88' lang='lat' dir='ltr'>Gaydar</span> <span class='ocrx_word' id='word_1_286' title='bbox 1394 3998 1424 4046; x_wconf 92' lang='lat' dir='ltr'>et</span> <span class='ocrx_word' id='word_1_287' title='bbox 1448 3984 1505 4047; x_wconf 94' lang='lat' dir='ltr'>do·</span> 
     </span>
     <span class='ocr_line' id='line_1_33' title="bbox 241 4091 1505 4176; baseline -0.002 -22"><span class='ocrx_word' id='word_1_288' title='bbox 241 4093 328 4155; x_wconf 91' lang='lat' dir='ltr'>mina</span> <span class='ocrx_word' id='word_1_289' title='bbox 354 4095 492 4156; x_wconf 89' lang='lat' dir='ltr'>Barbara</span> <span class='ocrx_word' id='word_1_290' title='bbox 518 4113 650 4156; x_wconf 91' lang='lat' dir='ltr'>consors</span> <span class='ocrx_word' id='word_1_291' title='bbox 666 4094 809 4156; x_wconf 90' lang='lat' dir='ltr'>eiusdem</span> <span class='ocrx_word' id='word_1_292' title='bbox 830 4095 889 4176; x_wconf 91' lang='lat' dir='ltr'>ipsi</span> <span class='ocrx_word' id='word_1_293' title='bbox 907 4094 1070 4176; x_wconf 90' lang='lat' dir='ltr'>Stephano</span> <span class='ocrx_word' id='word_1_294' title='bbox 1090 4093 1245 4174; x_wconf 85' lang='lat' dir='ltr'>Hungaro</span> <span class='ocrx_word' id='word_1_295' title='bbox 1262 4092 1362 4154; x_wconf 90' lang='lat' dir='ltr'>actori</span> <span class='ocrx_word' id='word_1_296' title='bbox 1387 4091 1505 4153; x_wconf 89' lang='lat' dir='ltr'>dictam</span> 
     </span>
     <span class='ocr_line' id='line_1_34' title="bbox 242 4197 1503 4282; baseline -0.001 -22"><span class='ocrx_word' id='word_1_297' title='bbox 242 4219 424 4282; x_wconf 90' lang='lat' dir='ltr'>sumpmam</span> <span class='ocrx_word' id='word_1_298' title='bbox 442 4199 511 4264; x_wconf 89' lang='lat' dir='ltr'>flor.</span> <span class='ocrx_word' id='word_1_299' title='bbox 529 4201 597 4262; x_wconf 88' lang='lat' dir='ltr'>auri</span> <span class='ocrx_word' id='word_1_300' title='bbox 623 4214 654 4262; x_wconf 92' lang='lat' dir='ltr'>et</span> <span class='ocrx_word' id='word_1_301' title='bbox 678 4201 832 4282; x_wconf 90' lang='lat' dir='ltr'>peccunie</span> <span class='ocrx_word' id='word_1_302' title='bbox 856 4201 1067 4282; x_wconf 88' lang='lat' dir='ltr'>quantitatem</span> <span class='ocrx_word' id='word_1_303' title='bbox 1085 4199 1228 4282; x_wconf 87' lang='lat' dir='ltr'>plenarie</span> <span class='ocrx_word' id='word_1_304' title='bbox 1245 4197 1427 4282; x_wconf 91' lang='lat' dir='ltr'>persolvere</span> <span class='ocrx_word' id='word_1_305' title='bbox 1450 4197 1503 4259; x_wconf 55' lang='lat' dir='ltr'>deu</span> 
     </span>
     <span class='ocr_line' id='line_1_35' title="bbox 243 4305 1503 4388; baseline -0.001 -21"><span class='ocrx_word' id='word_1_306' title='bbox 243 4305 395 4368; x_wconf 91' lang='lat' dir='ltr'>buissent.</span> <span class='ocrx_word' id='word_1_307' title='bbox 415 4307 675 4388; x_wconf 89' lang='lat' dir='ltr'>Quibusquidem</span> <span class='ocrx_word' id='word_1_308' title='bbox 694 4308 845 4368; x_wconf 90' lang='lat' dir='ltr'>omnibus</span> <span class='ocrx_word' id='word_1_309' title='bbox 861 4308 1006 4370; x_wconf 89' lang='lat' dir='ltr'>terminis</span> <span class='ocrx_word' id='word_1_310' title='bbox 1022 4306 1198 4368; x_wconf 90' lang='lat' dir='ltr'>solucionis</span> <span class='ocrx_word' id='word_1_311' title='bbox 1221 4305 1369 4367; x_wconf 89' lang='lat' dir='ltr'>insolutis</span> <span class='ocrx_word' id='word_1_312' title='bbox 1393 4319 1424 4367; x_wconf 89' lang='lat' dir='ltr'>et</span> <span class='ocrx_word' id='word_1_313' title='bbox 1446 4307 1503 4366; x_wconf 92' lang='lat' dir='ltr'>ob-</span> 
     </span>
     <span class='ocr_line' id='line_1_36' title="bbox 243 4411 1505 4496; baseline 0.001 -24"><span class='ocrx_word' id='word_1_314' title='bbox 243 4412 346 4473; x_wconf 87' lang='lat' dir='ltr'>missis</span> <span class='ocrx_word' id='word_1_315' title='bbox 358 4411 472 4495; x_wconf 87' lang='lat' dir='ltr'>prelati</span> <span class='ocrx_word' id='word_1_316' title='bbox 483 4413 730 4475; x_wconf 89' lang='lat' dir='ltr'>Bartholomeus</span> <span class='ocrx_word' id='word_1_317' title='bbox 743 4413 872 4496; x_wconf 87' lang='lat' dir='ltr'>Gaydar</span> <span class='ocrx_word' id='word_1_318' title='bbox 885 4427 916 4476; x_wconf 94' lang='lat' dir='ltr'>et</span> <span class='ocrx_word' id='word_1_319' title='bbox 925 4413 1056 4475; x_wconf 91' lang='lat' dir='ltr'>domina</span> <span class='ocrx_word' id='word_1_320' title='bbox 1069 4414 1205 4475; x_wconf 89' lang='lat' dir='ltr'>Barbara</span> <span class='ocrx_word' id='word_1_321' title='bbox 1216 4431 1348 4474; x_wconf 87' lang='lat' dir='ltr'>consors</span> <span class='ocrx_word' id='word_1_322' title='bbox 1361 4411 1505 4473; x_wconf 88' lang='lat' dir='ltr'>eiusdem</span> 
     </span>
     <span class='ocr_line' id='line_1_37' title="bbox 242 4517 1502 4603; baseline -0.001 -24"><span class='ocrx_word' id='word_1_323' title='bbox 242 4532 396 4580; x_wconf 88' lang='lat' dir='ltr'>annotato</span> <span class='ocrx_word' id='word_1_324' title='bbox 422 4518 587 4602; x_wconf 89' lang='lat' dir='ltr'>Stephano</span> <span class='ocrx_word' id='word_1_325' title='bbox 612 4520 770 4602; x_wconf 83' lang='lat' dir='ltr'>Hungaro</span> <span class='ocrx_word' id='word_1_326' title='bbox 794 4522 893 4582; x_wconf 89' lang='lat' dir='ltr'>actori</span> <span class='ocrx_word' id='word_1_327' title='bbox 925 4521 1086 4603; x_wconf 89' lang='lat' dir='ltr'>predictos</span> <span class='ocrx_word' id='word_1_328' title='bbox 1112 4533 1239 4581; x_wconf 90' lang='lat' dir='ltr'>centum</span> <span class='ocrx_word' id='word_1_329' title='bbox 1264 4538 1317 4579; x_wconf 90' lang='lat' dir='ltr'>sex</span> <span class='ocrx_word' id='word_1_330' title='bbox 1341 4517 1410 4580; x_wconf 91' lang='lat' dir='ltr'>flor.</span> <span class='ocrx_word' id='word_1_331' title='bbox 1434 4517 1502 4578; x_wconf 88' lang='lat' dir='ltr'>auti</span> 
     </span>
     <span class='ocr_line' id='line_1_38' title="bbox 242 4623 1505 4708; baseline -0.001 -23"><span class='ocrx_word' id='word_1_332' title='bbox 242 4643 278 4685; x_wconf 90' lang='lat' dir='ltr'>ac</span> <span class='ocrx_word' id='word_1_333' title='bbox 302 4623 381 4685; x_wconf 89' lang='lat' dir='ltr'>duas</span> <span class='ocrx_word' id='word_1_334' title='bbox 416 4623 521 4688; x_wconf 84' lang='lat' dir='ltr'>luntas</span> <span class='ocrx_word' id='word_1_335' title='bbox 553 4626 760 4688; x_wconf 89' lang='lat' dir='ltr'>denariorum</span> <span class='ocrx_word' id='word_1_336' title='bbox 792 4627 925 4688; x_wconf 88' lang='lat' dir='ltr'>minime</span> <span class='ocrx_word' id='word_1_337' title='bbox 959 4627 1035 4688; x_wconf 92' lang='lat' dir='ltr'>dare</span> <span class='ocrx_word' id='word_1_338' title='bbox 1069 4640 1099 4688; x_wconf 96' lang='lat' dir='ltr'>et</span> <span class='ocrx_word' id='word_1_339' title='bbox 1132 4626 1313 4708; x_wconf 85' lang='lat' dir='ltr'>persolvere</span> <span class='ocrx_word' id='word_1_340' title='bbox 1344 4637 1505 4702; x_wconf 89' lang='lat' dir='ltr'>curarunt,</span> 
     </span>
     <span class='ocr_line' id='line_1_39' title="bbox 242 4730 1505 4814; baseline -0.001 -23"><span class='ocrx_word' id='word_1_341' title='bbox 242 4730 410 4812; x_wconf 89' lang='lat' dir='ltr'>postulans</span> <span class='ocrx_word' id='word_1_342' title='bbox 434 4730 574 4814; x_wconf 84' lang='lat' dir='ltr'>prefatus</span> <span class='ocrx_word' id='word_1_343' title='bbox 609 4732 790 4813; x_wconf 89' lang='lat' dir='ltr'>Stephanus</span> <span class='ocrx_word' id='word_1_344' title='bbox 815 4733 989 4814; x_wconf 85' lang='lat' dir='ltr'>Hungarus</span> <span class='ocrx_word' id='word_1_345' title='bbox 1020 4747 1108 4794; x_wconf 91' lang='lat' dir='ltr'>actor</span> <span class='ocrx_word' id='word_1_346' title='bbox 1131 4733 1191 4794; x_wconf 87' lang='lat' dir='ltr'>sibi</span> <span class='ocrx_word' id='word_1_347' title='bbox 1226 4731 1285 4813; x_wconf 91' lang='lat' dir='ltr'>ipsi</span> <span class='ocrx_word' id='word_1_348' title='bbox 1310 4749 1405 4811; x_wconf 92' lang='lat' dir='ltr'>super</span> <span class='ocrx_word' id='word_1_349' title='bbox 1436 4748 1505 4811; x_wconf 90' lang='lat' dir='ltr'>pre·</span> 
     </span>
     <span class='ocr_line' id='line_1_40' title="bbox 243 4835 1506 4920; baseline 0.001 -24"><span class='ocrx_word' id='word_1_350' title='bbox 243 4836 339 4897; x_wconf 89' lang='lat' dir='ltr'>missa</span> <span class='ocrx_word' id='word_1_351' title='bbox 364 4857 512 4919; x_wconf 83' lang='lat' dir='ltr'>sumpma</span> <span class='ocrx_word' id='word_1_352' title='bbox 537 4837 606 4900; x_wconf 91' lang='lat' dir='ltr'>flor.</span> <span class='ocrx_word' id='word_1_353' title='bbox 631 4839 701 4900; x_wconf 90' lang='lat' dir='ltr'>auri</span> <span class='ocrx_word' id='word_1_354' title='bbox 725 4853 755 4899; x_wconf 93' lang='lat' dir='ltr'>et</span> <span class='ocrx_word' id='word_1_355' title='bbox 772 4840 949 4920; x_wconf 90' lang='lat' dir='ltr'>quantitate</span> <span class='ocrx_word' id='word_1_356' title='bbox 966 4839 1193 4920; x_wconf 89' lang='lat' dir='ltr'>peccuniarum</span> <span class='ocrx_word' id='word_1_357' title='bbox 1219 4857 1275 4920; x_wconf 89' lang='lat' dir='ltr'>per</span> <span class='ocrx_word' id='word_1_358' title='bbox 1299 4855 1358 4896; x_wconf 88' lang='lat' dir='ltr'>nos</span> <span class='ocrx_word' id='word_1_359' title='bbox 1381 4835 1506 4916; x_wconf 87' lang='lat' dir='ltr'>justicie</span> 
     </span>
     <span class='ocr_line' id='line_1_41' title="bbox 244 4942 1506 5027; baseline -0.001 -23"><span class='ocrx_word' id='word_1_360' title='bbox 244 4957 274 5004; x_wconf 90' lang='lat' dir='ltr'>et</span> <span class='ocrx_word' id='word_1_361' title='bbox 297 4942 529 5025; x_wconf 87' lang='lat' dir='ltr'>satisfaccionis</span> <span class='ocrx_word' id='word_1_362' title='bbox 554 4945 660 5007; x_wconf 90' lang='lat' dir='ltr'>debite</span> <span class='ocrx_word' id='word_1_363' title='bbox 678 4946 952 5027; x_wconf 90' lang='lat' dir='ltr'>complementum</span> <span class='ocrx_word' id='word_1_364' title='bbox 971 4945 1106 5008; x_wconf 87' lang='lat' dir='ltr'>finaliter</span> <span class='ocrx_word' id='word_1_365' title='bbox 1124 4944 1272 5024; x_wconf 82' lang='lat' dir='ltr'>elargiti;</span> <span class='ocrx_word' id='word_1_366' title='bbox 1289 4956 1320 5004; x_wconf 89' lang='lat' dir='ltr'>et</span> <span class='ocrx_word' id='word_1_367' title='bbox 1344 4943 1419 5023; x_wconf 91' lang='lat' dir='ltr'>quia</span> <span class='ocrx_word' id='word_1_368' title='bbox 1436 4961 1506 5024; x_wconf 88' lang='lat' dir='ltr'>pre-</span> 
     </span>
     <span class='ocr_line' id='line_1_42' title="bbox 243 5049 1506 5137; baseline -0.004 -23"><span class='ocrx_word' id='word_1_369' title='bbox 243 5050 327 5114; x_wconf 89' lang='lat' dir='ltr'>latus</span> <span class='ocrx_word' id='word_1_370' title='bbox 358 5051 605 5115; x_wconf 91' lang='lat' dir='ltr'>Bartholomeus</span> <span class='ocrx_word' id='word_1_371' title='bbox 639 5052 769 5137; x_wconf 88' lang='lat' dir='ltr'>Gaydar</span> <span class='ocrx_word' id='word_1_372' title='bbox 802 5068 832 5114; x_wconf 92' lang='lat' dir='ltr'>et</span> <span class='ocrx_word' id='word_1_373' title='bbox 863 5054 995 5115; x_wconf 89' lang='lat' dir='ltr'>domina</span> <span class='ocrx_word' id='word_1_374' title='bbox 1029 5053 1166 5114; x_wconf 88' lang='lat' dir='ltr'>Barbara</span> <span class='ocrx_word' id='word_1_375' title='bbox 1199 5070 1329 5113; x_wconf 90' lang='lat' dir='ltr'>consors</span> <span class='ocrx_word' id='word_1_376' title='bbox 1364 5049 1506 5110; x_wconf 89' lang='lat' dir='ltr'>eiusdem</span> 
     </span>
    </p>
   </div>
   <div class='ocr_carea' id='block_1_3' title="bbox 1364 5175 1399 5238">
    <p class='ocr_par' dir='ltr' id='par_1_3' title="bbox 1364 5175 1399 5238">
     <span class='ocr_line' id='line_1_43' title="bbox 1364 5175 1399 5238; baseline 0 0"><span class='ocrx_word' id='word_1_377' title='bbox 1364 5175 1399 5238; x_wconf 77' lang='grc' dir='ltr'>Ι5</span> 
     </span>
    </p>
   </div>
   <div class='ocr_carea' id='block_1_4' title="bbox 0 0 1925 5804">
    <p class='ocr_par' dir='ltr' id='par_1_4' title="bbox 0 0 1925 5804">
     <span class='ocr_line' id='line_1_44' title="bbox 0 0 1925 5804; baseline 0 0"><span class='ocrx_word' id='word_1_378' title='bbox 0 0 1925 5804; x_wconf 95' lang='lat' dir='ltr'> </span> 
     </span>
    </p>
   </div>
  </div>
 </body>
</html>
