3816 5802
428 507 467 588 58
968 510 1053 565 Anno
1075 519 1167 585 1445.

427 722 526 803 ipsius
551 705 687 783 civitatis
722 720 871 782 exteriori
903 733 1048 780 sutorum
1081 739 1137 780 seu
1167 719 1271 801 platea
1300 718 1404 780 lutosa
1436 717 1518 780 inter
1553 717 1689 780 domum

426 829 554 890 Andree
580 827 659 888 fabri
686 842 717 889 et
743 826 907 887 Valentini
940 825 1088 888 similiter
1119 824 1200 886 fabri
1223 825 1378 902 habitam,
1410 843 1508 885 unam
1541 837 1687 906 quartam

425 949 456 997 et
479 951 625 997 octavam
657 934 745 996 curie
777 933 810 995 in
842 953 875 994 se
908 933 1147 1013 continentem,
1172 932 1279 994 Blasio
1312 930 1402 993 fabro
1434 929 1502 992 filio
1527 931 1618 992 Pauli
1649 929 1690 991 de

427 1040 578 1118 Gordwa,
603 1059 689 1102 novo
714 1040 838 1102 concivi
864 1053 984 1117 nostro,
1007 1058 1066 1121 pro
1090 1039 1246 1101 tredecim
1269 1038 1339 1100 flor.
1364 1037 1432 1099 auri
1458 1036 1602 1098 vendidit
1618 1057 1689 1120 per·

424 1162 522 1230 petuo
546 1146 774 1230 possidendam
799 1159 829 1208 et
856 1145 1029 1228 superinde
1052 1145 1112 1206 sibi
1137 1158 1184 1206 est
1207 1145 1298 1206 litera
1322 1144 1381 1206 sub
1405 1143 1559 1226 pendenti
1582 1143 1690 1224 sigillo

424 1253 664 1316 communitatis
688 1251 833 1315 confecta
857 1265 888 1314 et
912 1265 1070 1314 emanata.

531 1359 608 1421 ltem
641 1359 782 1440 quedam
817 1371 955 1440 quatuor
985 1372 1067 1420 terre
1100 1357 1239 1420 arabiles
1270 1358 1301 1419 in
1334 1377 1451 1439 campo
1475 1370 1506 1418 et
1528 1357 1690 1419 territorio

425 1467 563 1528 civitatis
587 1466 728 1548 predicte
753 1465 859 1527 habite
897 1465 1010 1546 viginti
1039 1485 1093 1526 sex
1127 1465 1229 1527 dietas
1253 1478 1335 1526 terre
1360 1465 1393 1526 in
1418 1484 1451 1527 se
1476 1464 1690 1542 continentes,

425 1573 456 1634 in
482 1592 618 1654 quarum
643 1571 790 1633 dominio
815 1569 1026 1634 kolendinum
1053 1569 1323 1633 confraternitatis
1346 1585 1491 1632 sutorum
1515 1589 1640 1652 semper
1657 1584 1691 1632 et

427 1699 443 1740 a
469 1680 625 1741 memoria
650 1678 818 1740 hominum
836 1677 967 1760 pacifice
992 1677 1156 1761 hucusque
1174 1677 1359 1760 permansit,
1384 1677 1490 1740 eidem
1514 1676 1689 1739 colendino

427 1784 696 1847 confraternitatis
720 1799 865 1846 sutorum
892 1805 954 1846 una
979 1784 1069 1846 litera
1102 1784 1295 1866 privilegiali
1319 1785 1378 1845 sub
1403 1783 1557 1866 pendenti
1580 1782 1690 1863 sigillo

427 1892 667 1954 communitatis
690 1906 763 1953 sunt
787 1889 972 1954 confirmate
997 1904 1153 1973 perpetuo
1182 1890 1387 1971 possidende.

530 1998 606 2059 ltem
633 2003 741 2078 Agnes
766 1998 874 2058 relicta
907 2011 938 2059 et
962 1997 1108 2058 Andreas
1140 1996 1224 2059 filius
1254 1996 1392 2058 condam
1424 1995 1515 2056 Pauli
1540 1992 1597 2056 filii
1623 1994 1690 2055 Do·

424 2103 532 2166 minici
551 2105 626 2166 dicti
645 2103 851 2188 Gyugethyn,
869 2103 1074 2164 medietatem
1093 2103 1261 2164 cuiusdam
1274 2103 1402 2180 domus,
1419 2100 1510 2162 fundi
1528 2115 1559 2161 et
1575 2097 1689 2161 hedifi-

424 2211 559 2290 ciorum,
584 2230 646 2292 que
671 2209 807 2271 condam
835 2210 917 2271 Petri
943 2210 1108 2270 servitoris
1132 2208 1210 2270 olim
1236 2209 1352 2270 Briccii
1377 2207 1492 2288 judicis
1515 2205 1689 2289 prefuerat,

425 2317 506 2377 inter
530 2316 645 2378 domos
670 2315 825 2378 Johannis
850 2315 965 2396 judicis
989 2315 1045 2376 filii
1064 2315 1145 2377 Pero
1170 2330 1202 2377 et
1222 2315 1320 2377 Blasii
1339 2314 1432 2394 jurati
1456 2312 1513 2375 filii
1532 2313 1688 2395 Stephani

422 2422 540 2502 habite,
566 2443 661 2484 unam
687 2423 838 2484 videlicet
863 2437 1009 2504 quartam
1039 2423 1126 2483 curie
1150 2423 1181 2483 in
1214 2442 1247 2484 se
1271 2422 1474 2500 retinentem,
1500 2421 1585 2503 ipsos
1608 2420 1686 2501 juri·

422 2531 492 2592 dice
517 2545 548 2592 et
572 2530 746 2592 literatorie
779 2544 1045 2607 concernentem,
1077 2527 1201 2612 prefato
1227 2529 1334 2591 Blasio
1358 2528 1462 2610 jurato
1494 2529 1601 2589 vicino
1624 2547 1686 2590 suo

423 2657 460 2698 ex
485 2657 643 2699 consensu
668 2637 806 2698 aliorum
838 2637 1141 2698 circumvicinorum
1174 2656 1232 2718 pro
1256 2657 1310 2697 sex
1335 2635 1403 2699 flor.
1436 2636 1504 2696 auri
1530 2634 1684 2696 vendide-

423 2758 496 2805 runt
520 2757 678 2827 perpetuo
703 2741 931 2825 possidendam
957 2757 988 2804 et
1011 2742 1184 2824 superinde
1209 2755 1256 2804 est
1271 2742 1363 2804 litera
1387 2741 1446 2803 sub
1470 2741 1623 2823 pendenti
1641 2741 1685 2802 si·

420 2851 501 2932 gillo
525 2851 766 2912 communitatis
790 2849 1033 2932 privilegialiter
1058 2863 1215 2911 emanata.

527 2959 603 3019 ltem
630 2957 741 3018 Petrus
774 2957 948 3018 Daidowcz
979 2955 1064 3017 filius
1096 2955 1180 3016 ltvan
1218 2969 1307 3037 pater
1338 2955 1473 3016 carnalis
1498 2954 1581 3015 Petri
1605 2954 1683 3016 dicti

422 3064 499 3142 Kus,
525 3064 687 3146 quandam
713 3063 848 3124 domum
874 3083 963 3124 suam
997 3062 1093 3123 simul
1125 3081 1197 3122 cum
1231 3060 1332 3122 fundo
1356 3074 1387 3123 et
1419 3061 1537 3122 celario
1560 3063 1685 3122 subter-

421 3189 518 3231 raneo
543 3190 578 3231 ac
604 3168 760 3231 hedificiis
778 3170 809 3230 in
827 3170 899 3230 vico
915 3183 1059 3230 sutorum
1086 3189 1140 3230 seu
1159 3167 1410 3229 Theuthonicali
1436 3167 1518 3229 inter
1548 3167 1684 3228 domum

423 3277 589 3337 Michaelis
621 3275 799 3357 freniparis,
831 3278 871 3336 ab
903 3294 967 3336 una
999 3289 1099 3356 parte,
1124 3289 1154 3336 et
1186 3288 1275 3356 parte
1306 3275 1345 3335 ab
1376 3274 1474 3335 altera
1506 3274 1684 3334 liberorum

422 3382 560 3444 condam
585 3381 675 3442 Pauli
701 3381 775 3442 dicti
801 3381 948 3442 similiter
974 3381 1170 3442 Dauidowcz
1208 3380 1359 3458 habitam,
1392 3379 1533 3441 mediam
1558 3380 1590 3440 in
1614 3393 1684 3440 toto

421 3489 541 3549 curiam
566 3488 606 3548 ad
631 3507 723 3548 usum
750 3487 885 3548 civitatis
909 3486 1052 3568 predicte
1077 3488 1108 3547 in
1134 3507 1166 3547 se
1199 3487 1431 3565 continentem,
1456 3485 1561 3547 eidem
1588 3486 1682 3548 Petro

422 3595 504 3654 Kuss
527 3593 595 3655 filio
619 3613 678 3654 suo
703 3593 820 3673 legavit
844 3605 999 3675 perpetuo
1024 3592 1251 3674 possidendam
1269 3605 1300 3654 et
1322 3591 1495 3674 superinde
1520 3605 1568 3654 est
1590 3591 1682 3653 litera

420 3700 478 3759 sub
501 3699 652 3780 pendenti
678 3699 784 3780 sigillo
809 3699 1054 3760 communitatis
1078 3711 1236 3762 emanata.

526 3807 603 3868 ltem
628 3806 783 3867 medietas
808 3805 975 3866 cuiusdam
1001 3804 1108 3887 (h)orti
1134 3805 1165 3866 in
1198 3805 1354 3866 suburbio
1378 3805 1516 3868 civitatis
1540 3805 1682 3887 predicte

420 3914 501 3974 inter
526 3911 660 3994 (h)ortos
685 3912 813 3974 Thome
838 3911 1005 3994 freniparis
1035 3911 1128 3992 jurati
1158 3911 1257 3972 nostri
1282 3911 1429 3974 moderni
1454 3910 1513 3974 filii
1540 3911 1681 3989 Andree,

420 4022 459 4080 ab
485 4020 618 4096 oriente,
642 4033 673 4080 et
698 4019 873 4080 liberorum
899 4019 1036 4079 condam
1062 4017 1152 4078 Pauli
1178 4018 1217 4079 de
1235 4019 1415 4100 Zawersya,
1440 4020 1479 4080 ab
1504 4019 1682 4097 occidente,

381 4145 385 4156 ·
419 4146 454 4186 ac
479 4146 568 4187 secus
592 4126 677 4186 viam
702 4144 908 4185 communem
933 4145 949 4185 a
975 4124 1154 4185 meridione
1186 4124 1299 4202 habiti,
1324 4145 1421 4186 unam
1454 4124 1606 4186 videlicet
1628 4144 1682 4186 oc·

418 4245 523 4292 taram
547 4232 634 4294 curie
660 4231 691 4290 in
716 4251 748 4290 se
774 4232 953 4308 continens,
978 4229 1102 4312 prefato
1127 4231 1220 4292 Petro
1254 4231 1340 4293 dicto
1364 4232 1448 4293 Kuss
1472 4251 1529 4313 pro
1554 4231 1682 4294 duobus

419 4358 491 4398 cum
516 4337 623 4398 medio
648 4337 717 4398 flor.
742 4337 809 4398 auri
836 4358 890 4418 per
909 4337 1105 4400 Dorotheam
1129 4339 1271 4400 relictam
1291 4339 1428 4400 condam
1454 4338 1588 4401 Fabiani
1604 4339 1681 4401 dicti

420 4443 625 4526 Kusltowych
651 4457 697 4504 est
720 4443 849 4504 vendita
874 4457 1030 4525 perpetuo
1063 4443 1276 4524 possidenda;
1309 4445 1370 4507 alia
1396 4459 1502 4507 autem
1528 4445 1683 4507 medietas

419 4550 562 4610 eiusdem
588 4550 707 4630 (h)orti,
729 4570 824 4610 unam
842 4550 990 4611 similiter
1014 4563 1161 4611 octavam
1178 4551 1264 4612 curie
1283 4553 1314 4612 in
1332 4571 1366 4613 se
1384 4552 1563 4629 continens,
1581 4551 1682 4614 Elene

419 4655 481 4716 filie
508 4656 606 4736 ipsius
632 4655 764 4716 Fabiani
790 4671 837 4716 est
861 4656 1035 4717 literatorie
1052 4669 1168 4718 statuta
1193 4671 1224 4720 et
1247 4658 1420 4739 superinde
1445 4671 1490 4720 est
1514 4659 1605 4720 litera
1622 4661 1681 4720 sub

321 4842 328 4856 .
420 4761 570 4842 pendenti
596 4763 704 4843 sigillo
729 4763 968 4824 communitatis
993 4761 1136 4824 confecta
1162 4777 1192 4824 et
1217 4778 1373 4826 emanata.

943 4935 1154 4954 —....0.....—-
