3816 5802
360 1558 489 1660 (Anno
515 1557 672 1648 Domini
698 1555 979 1647 uooooxtttt
1006 1560 1046 1646 el
1073 1555 1397 1654 Moooontrvfll

245 1913 283 1990 ln
310 1916 454 1990 nontine
481 1913 637 1990 Domini.
668 1913 795 1991 Amen.
824 1915 929 1991 Anno
967 1911 1177 1991 Nativitatis
1208 1913 1370 1989 eiusdem
1399 1914 1510 1990 mille-

246 2040 338 2114 sirno
376 2037 728 2139 quadringentesimo
766 2038 1045 2138 quadragesimo
1083 2045 1200 2130 sexto,
1230 2045 1396 2138 ternpore
1419 2036 1510 2135 judi-

246 2175 348 2239 catus
385 2164 448 2238 viti
477 2163 615 2262 providi
644 2171 683 2238 et
701 2163 843 2238 honesti
881 2161 1025 2238 Martini
1058 2161 1187 2260 judicis
1217 2162 1377 2237 moderni
1405 2163 1509 2262 preli·

245 2289 330 2362 bate
369 2287 524 2362 civitatis
561 2285 621 2362 filii
664 2285 822 2380 Thone,
861 2287 1017 2362 sabbato
1055 2285 1219 2385 proxirno
1258 2293 1343 2361 ante
1381 2284 1511 2362 lestutn

245 2418 371 2486 sancte
387 2409 588 2501 Trinitatis
609 2433 759 2510 presens
777 2409 961 2486 laternum
982 2417 1040 2486 est
1059 2409 1192 2484 iactum
1209 2432 1318 2508 super
1337 2410 1509 2509 registro·

246 2534 349 2609 cione
362 2541 400 2609 et
410 2535 692 2633 consignacione
708 2541 887 2610 certarum
899 2534 1081 2608 literarum
1097 2533 1368 2633 privilegialium
1385 2533 1509 2610 civium

245 2667 283 2733 et
318 2657 560 2734 habitatorum
596 2657 754 2734 civitatis
791 2657 934 2758 prefate
972 2657 1064 2732 infra
1092 2657 1356 2732 nontinatorum
1398 2681 1508 2755 super

244 2781 537 2880 possessionibus
576 2804 700 2856 eorum
738 2782 772 2856 in
810 2783 937 2857 eadent
966 2781 1113 2856 civitate
1142 2782 1285 2856 eteius
1322 2781 1508 2856 territorio

243 2906 385 2997 habitis,
413 2907 686 3006 privilegialiter
713 2907 778 2983 sub
794 2907 965 3004 pendenti
988 2906 1107 3006 sigillo
1138 2905 1403 2992 communitatis
1420 2929 1521 3016 con-¹

430 3029 605 3106 lectarum
625 3039 665 3107 et
684 3039 927 3106 emanaturum
949 3031 1057 3106 modo
1082 3029 1325 3130 infrascripto.

774 3261 837 3342 (11.
865 3260 975 3338 junii).

352 3401 430 3464 ltem
455 3400 648 3463 Benedictus
672 3400 757 3463 filius
789 3401 927 3464 condam
958 3401 1094 3486 Gywani
1119 3401 1244 3484 judicis,
1277 3415 1434 3483 protunc
1458 3401 1506 3482 ju·

246 3522 344 3586 ratus,
368 3507 509 3570 concivis
533 3519 650 3586 noster,
674 3508 790 3570 totales
806 3509 1025 3590 possessiones
1042 3521 1073 3568 et
1089 3507 1259 3590 porciones
1283 3527 1356 3568 suas
1379 3527 1503 3590 posses·

245 3614 400 3675 sionarias
424 3612 650 3696 infrascriptos,
675 3614 826 3676 videlicet
850 3614 985 3676 domum
1013 3626 1170 3674 muratam
1195 3626 1226 3673 et
1248 3610 1385 3675 fundum
1410 3613 1507 3675 simul

245 3739 318 3782 curn
344 3720 467 3782 celariis
491 3734 523 3782 et
553 3720 688 3786 cisterna
726 3721 860 3802 aliisque
893 3719 1017 3782 cunctis
1040 3719 1106 3781 suis
1139 3719 1329 3781 utilitatibus
1354 3733 1385 3780 et
1416 3721 1510 3801 perti·

246 3827 367 3889 nenciis
392 3827 559 3905 universis,
583 3827 663 3888 duas
695 3827 798 3888 curias
822 3827 862 3888 ad
894 3845 988 3889 nsunt
1013 3825 1099 3888 dicte
1131 3825 1268 3887 civitatis
1293 3826 1323 3886 in
1348 3845 1381 3886 se
1406 3826 1507 3888 conti-

244 3947 366 4010 nentes,
391 3951 491 4015 prope
516 3933 671 4015 capellam
704 3935 796 3995 beate
828 3933 961 4015 virginis
994 3933 1093 3994 Marie
1129 3933 1159 3993 in
1193 3932 1357 3994 vicinitate
1390 3933 1507 3994 doruus

243 4051 365 4102 rnurate
392 4038 520 4121 Mathye
545 4038 638 4120 jurati
664 4039 740 4100 dicti
765 4039 985 4124 Kerzowaych
1002 4037 1165 4115 habitam
1190 4039 1266 4100 item
1292 4037 1446 4121 (h)ortum
1474 4039 1505 4099 in

242 4145 397 4206 suburbio
421 4145 558 4207 civitatis
583 4145 615 4206 in
647 4145 810 4208 vicinitate
835 4145 943 4228 (h)orti
975 4145 1153 4208 liberorum
1186 4145 1324 4207 condam
1351 4146 1508 4208 Anthonii

243 4249 409 4328 carnificis,
433 4250 513 4312 olim
538 4250 651 4313 deceni
676 4251 862 4314 carnificum
887 4252 1043 4330 habitum,
1069 4271 1104 4314 ac
1122 4252 1201 4312 duas
1224 4251 1335 4313 vineas
1361 4251 1392 4312 in
1417 4251 1508 4313 terri-

241 4358 326 4420 torio
350 4357 487 4420 civitatis
511 4358 543 4420 in
568 4359 731 4421 vicinitate
755 4359 923 4420 vinearum
946 4359 1123 4420 liberorum
1140 4357 1279 4419 condam
1304 4357 1388 4420 Petri
1415 4357 1510 4420 Hun-

139 4452 153 4479 ‘
240 4463 307 4545 gari
332 4475 363 4526 et
388 4463 552 4526 Benedicti
577 4465 706 4526 sartoris
730 4465 872 4542 habitas3
890 4465 967 4527 itern
985 4464 1086 4526 eciam
1103 4478 1166 4526 tres
1183 4464 1278 4525 silvas
1296 4463 1328 4524 in
1346 4464 1508 4526 territorio

242 4569 378 4632 civitatis
404 4570 434 4632 in
452 4571 615 4632 vicinitate
641 4571 806 4633 vinearum
825 4571 999 4633 liberorum
1012 4569 1149 4632 condarn
1168 4569 1257 4630 Pauli
1277 4569 1505 4654 Sydowynych

243 4675 376 4754 habitas,
402 4677 505 4758 ipsum
532 4677 743 4740 Benedictum
776 4678 915 4760 juraturo
940 4677 1073 4759 juridice
1098 4690 1193 4758 atque
1227 4675 1401 4738 literatorie
1426 4695 1505 4738 con·

242 4797 418 4861 cernentes,
442 4782 538 4844 simul
562 4803 635 4846 curn
660 4785 812 4846 omnibus
836 4785 977 4867 ipsarum
995 4783 1234 4865 possessionum
1260 4793 1291 4844 et
1314 4783 1506 4864 porcionurn

243 4889 564 4970 possessionuriarunt
590 4891 782 4954 utilitatibus
806 4904 836 4954 et
860 4889 1066 4973 pertinenciis
1090 4889 1247 4950 universis
1272 4888 1449 4950 reverendo
1475 4890 1506 4950 in

242 4993 372 5058 Christo
396 4997 476 5079 patri
503 4997 637 5060 domino
663 4997 837 5060 Benedicto
869 4996 909 5058 de
933 4996 1027 5058 Zolio
1052 4995 1205 5078 episcopo
1239 4994 1372 5058 ecclesie
1397 5015 1507 5078 zagru-
