3832 5804
418 568 475 632 172
963 549 1050 606 Anno
1073 541 1165 622 1456.

414 761 508 824 Blasii
536 762 651 841 judicis
676 782 733 842 pro
757 761 871 842 viginti
897 759 966 822 flor.
991 760 1059 820 auri
1085 779 1121 820 ex
1145 777 1302 819 consensu
1326 758 1506 819 vicinorum
1531 758 1680 820 vendidit

412 883 567 952 perpetuo
593 869 832 950 possidendam.

519 975 594 1037 ltem
620 974 752 1036 domina
778 973 979 1056 Margaretha
1003 972 1113 1034 relicta
1138 971 1273 1033 condam
1301 970 1398 1032 Blasii
1423 971 1537 1053 judicis
1562 991 1597 1031 ac
1615 970 1676 1031 Mi-

412 1081 502 1144 chael
526 1080 610 1143 filius
634 1082 771 1143 condam
797 1081 894 1144 Blasii
919 1079 1034 1160 judicis
1057 1078 1242 1161 supradicti,
1267 1077 1299 1138 in
1318 1077 1459 1160 ipsorum
1486 1089 1516 1138 et
1541 1075 1677 1158 Georgii

411 1208 446 1249 ac
472 1187 654 1250 Mathkonia
678 1185 817 1248 filiorum
843 1200 874 1247 et
892 1185 1054 1248 Dorothee
1079 1183 1145 1246 filie
1168 1185 1267 1266 ipsius
1283 1183 1421 1245 condam
1440 1183 1536 1244 Blasii
1560 1183 1677 1265 judicis

411 1294 565 1378 personis,
589 1295 742 1355 oneribus
767 1307 798 1356 et
821 1292 1062 1374 gravaminibus
1095 1310 1207 1354 eorum
1240 1291 1270 1351 in
1297 1311 1330 1352 se
1363 1290 1450 1372 ipsos
1481 1303 1595 1372 sponte
1620 1310 1677 1372 per

412 1401 520 1462 omnia
546 1400 727 1482 assumptis,
752 1399 915 1481 quandam
940 1412 1057 1460 terram
1090 1397 1243 1459 arabilem
1277 1395 1390 1479 prefati
1415 1395 1553 1457 condam
1580 1396 1676 1457 Blasii

413 1507 528 1588 judicis
553 1506 583 1567 in
617 1506 777 1568 territorio
811 1505 947 1595 civitatis
978 1502 1098 1587 prefate
1123 1505 1154 1564 in
1187 1503 1349 1564 vicinitate
1378 1516 1533 1564 terrarum
1559 1502 1676 1564 libero-

413 1633 483 1675 rum
510 1613 647 1675 condam
674 1611 838 1674 Benedicti
864 1612 992 1672 sartoris
1020 1611 1100 1672 olim
1133 1610 1247 1691 judicis
1273 1623 1302 1670 et
1327 1609 1470 1671 concivis
1494 1609 1594 1669 nostri
1619 1608 1676 1670 filii

412 1719 579 1783 Michaelis
603 1720 756 1798 habitam,
781 1719 892 1780 decem
917 1718 968 1779 vel
986 1719 1063 1779 citra
1088 1717 1189 1778 dietas
1214 1717 1304 1778 inse
1329 1716 1561 1794 continentem,
1578 1734 1675 1796 quam

411 1827 490 1889 alias
514 1827 581 1908 ipse
606 1825 743 1887 condam
770 1825 893 1888 Blasius
917 1823 1011 1906 judex
1036 1837 1182 1905 tempore
1208 1823 1271 1884 vite
1294 1842 1351 1883 sue
1376 1821 1506 1884 Thome
1531 1821 1599 1882 lilio
1624 1821 1676 1882 lo·

411 1934 525 1995 hannis
558 1953 679 2015 genero
715 1947 746 1994 et
780 1933 912 1996 domine
949 1930 1065 2012 Agneti
1090 1928 1166 2007 filie,
1197 1929 1273 2008 suis,
1311 1929 1487 1991 donaverat
1519 1942 1676 2010 perpetuo

411 2039 650 2123 possidendam,
675 2039 796 2100 eisdem
822 2037 952 2100 Thome
976 2051 1008 2100 et
1040 2035 1171 2098 domine
1197 2035 1313 2115 Agneti
1347 2055 1402 2096 sue
1428 2034 1568 2096 consorti
1606 2052 1676 2114 pre·

412 2147 508 2207 misso
534 2145 724 2207 donacionis
747 2145 842 2207 titulo
860 2157 1082 2206 remanserunt
1099 2156 1254 2224 perpetuo
1272 2141 1499 2224 possidendam
1521 2153 1552 2202 et
1567 2159 1676 2222 super-

413 2251 487 2312 inde
512 2250 588 2333 ipsis
613 2265 659 2312 est
683 2250 772 2312 litera
798 2251 857 2312 sub
882 2249 1035 2331 pendenti
1058 2248 1166 2329 sigillo
1191 2247 1431 2308 communitatis
1459 2258 1617 2308 emanata.
