3816 5802
932 538 1019 597 Anno
1041 548 1132 617 1447.

517 751 596 814 Item
621 752 761 834 quedam
786 752 880 815 vinea
905 752 937 813 in
960 750 1123 814 territorio
1147 749 1283 813 civitatis
1313 751 1394 813 inter
1417 753 1544 814 vineam
1569 753 1675 837 hospi·

412 858 484 920 talia
509 859 609 921 nostri
633 859 827 938 communia,
851 879 868 920 a
892 857 1134 941 septemtrione,
1159 870 1190 918 et
1207 855 1289 918 iuter
1311 857 1438 920 vineam
1464 858 1593 943 Mathye
1610 879 1675 922 car·

412 963 525 1044 nibeis,
550 964 655 1046 jurati,
679 986 696 1026 a
721 963 902 1027 meridioue
936 963 1055 1042 habita,
1080 964 1121 1025 ab
1153 981 1219 1024 uno
1243 961 1379 1026 decursu
1411 984 1494 1046 aque
1527 965 1677 1046 pluvialis

412 1071 495 1133 ultra
521 1085 665 1133 montem
691 1071 835 1133 eiusdem
864 1069 959 1133 vinee
991 1089 1093 1152 usque
1126 1069 1297 1132 decursum
1322 1089 1404 1152 aque
1437 1071 1584 1134 similiter
1608 1073 1676 1155 plu·

412 1177 506 1239 vialis
529 1197 562 1239 se
594 1177 785 1256 extendens,
817 1195 892 1238 cum
921 1176 987 1238 suis
1019 1175 1213 1238 utilitatibus
1246 1174 1409 1259 Stephano
1440 1175 1508 1240 filio
1540 1179 1676 1242 condam

414 1282 563 1365 Gregorii
587 1283 701 1344 decani
726 1281 859 1345 Skertha
884 1302 920 1344 ac
950 1303 1007 1364 per
1030 1301 1105 1344 eum
1127 1281 1192 1344 suis
1209 1281 1381 1345 heredibus
1405 1297 1452 1346 est
1475 1297 1591 1347 statuta
1609 1304 1677 1366 per-

413 1403 511 1474 petuo
535 1388 729 1472 possidenda
753 1403 784 1450 et
807 1389 982 1472 superinde
1006 1401 1053 1451 est
1076 1388 1169 1450 litera
1192 1389 1251 1452 sub
1280 1389 1442 1471 pendenti.
1460 1389 1567 1473 sigillo
1591 1410 1676 1454 com·

413 1495 578 1559 munitatis
601 1509 759 1558 emanata.

519 1601 597 1664 Item
622 1601 778 1665 medietas
801 1602 968 1665 cuiusdam
986 1601 1103 1664 domus
1126 1615 1158 1664 et
1178 1599 1271 1664 fundi
1295 1621 1331 1664 ac
1348 1601 1456 1665 celarii
1479 1603 1678 1666 subterranei

414 1728 472 1770 nec
496 1728 560 1770 non
586 1706 811 1772 hedificiorum
836 1709 869 1770 in
893 1709 1019 1770 civitate
1037 1707 1179 1790 predicta
1206 1708 1288 1770 inter
1304 1707 1420 1770 domos
1443 1708 1568 1771 domini
1594 1709 1678 1772 Petri

414 1814 631 1878 archidiaconi
656 1815 696 1877 de
720 1815 860 1877 Kemlulr
884 1829 916 1877 et
940 1813 1074 1896 Georgii
1101 1813 1392 1897 Czaranthowych,
1422 1818 1463 1878 ab
1487 1835 1551 1878 una
1575 1830 1676 1899 parte,

414 1923 454 1983 ab
478 1921 577 1984 altera
600 1941 678 1983 vero
702 1935 791 2004 parte
809 1921 891 1984 inter
915 1920 1048 1983 domum
1078 1921 1233 1983 Anthonii
1262 1922 1415 1984 institoris
1443 1921 1561 2001 habite,
1577 1941 1676 1986 uuam

413 2027 639 2089 tantummodo
672 2040 818 2109 quartam
851 2028 937 2092 curie
971 2027 1003 2088 in
1038 2045 1071 2088 se
1104 2027 1284 2107 continens,
1317 2028 1446 2112 Mathye
1477 2028 1577 2090 sutori
1610 2026 1678 2091 filio

413 2133 540 2196 Nicolai
557 2154 615 2218 pro
631 2134 785 2198 tredecim
803 2154 876 2197 cum
901 2133 1010 2196 medio
1027 2133 1096 2200 flor.
1121 2133 1189 2195 auri
1207 2153 1263 2216 per
1280 2133 1473 2217 Gregorium
1495 2133 1598 2196 filium
1615 2135 1678 2198 Va·

414 2241 527 2303 lentini
551 2241 734 2304 stacionarii
759 2261 796 2304 ex
833 2261 991 2304 consensu
1021 2241 1202 2303 vicinorum
1236 2242 1453 2324 predictorum
1477 2255 1525 2304 est
1548 2241 1678 2306 vendita

414 2361 570 2430 perpetuo
593 2348 797 2431 possidenda,
823 2347 1064 2430 superindeque
1098 2362 1144 2410 est
1176 2347 1266 2410 litera
1298 2350 1357 2410 sub
1389 2347 1542 2431 pendenti
1570 2347 1678 2432 sigillo

415 2454 656 2516 communitatis
680 2455 786 2518 eidem
813 2454 932 2516 Mathia
955 2453 1056 2516 sutori
1081 2467 1240 2518 emanata.
1362 2439 1365 2448 ¹

521 2559 599 2622 ltem
625 2560 748 2643 Gaspar
774 2561 890 2622 Dalose
915 2559 1121 2623 medietatem
1144 2559 1311 2622 cuiusdam
1337 2560 1455 2622 domus
1479 2573 1510 2623 et
1533 2557 1626 2622 fundi
1643 2581 1679 2624 ac

416 2664 640 2728 hedificiorum
666 2668 698 2728 in
723 2667 809 2728 dicta
832 2667 960 2730 civitate
985 2667 1068 2729 iuter
1091 2666 1207 2728 domos
1231 2679 1263 2728 et
1279 2665 1397 2729 fundos
1415 2666 1581 2729 Benedicti
1598 2665 1679 2729 labri

416 2786 447 2834 et
471 2772 649 2836 Clementis
672 2774 823 2856 agricole,
849 2775 888 2836 ab
907 2793 970 2835 una
994 2785 1095 2855 parte,
1117 2786 1148 2836 et
1165 2773 1341 2834 liberorum
1359 2773 1496 2835 condam
1521 2771 1678 2836 Aotbooii

416 2878 640 2964 Czuczlenych
664 2879 783 2959 habite,
808 2879 949 2942 mediam
974 2879 1096 2940 curiam
1120 2879 1152 2940 in
1176 2898 1210 2941 se
1239 2879 1444 2958 continentis,
1468 2899 1566 2942 unam
1590 2879 1677 2941 vide·

415 2985 490 3047 licet
513 2999 658 3068 quartam
683 2987 770 3048 curie
795 2987 827 3047 in
852 3006 884 3047 se
909 2986 1088 3064 continens,
1113 2984 1257 3067 Georgio
1281 2986 1382 3048 sutori
1406 2983 1474 3048 filio
1499 2985 1677 3049 Clementis

416 3107 582 3176 procerte
607 3095 816 3175 pecuniarum
843 3093 1020 3175 quantitate
1044 3091 1192 3155 vendidit
1214 3107 1371 3176 perpetuo
1396 3092 1622 3176 possidendam
1647 3105 1679 3155 et

416 3199 589 3282 superinde
614 3213 660 3262 est
691 3200 782 3262 litera
806 3201 865 3261 sub
897 3199 1050 3282 pendenti
1080 3197 1188 3281 sigillo
1213 3199 1454 3263 communitatis
1478 3213 1633 3263 emanata.

461 3438 544 3510 Item
574 3443 606 3510 in
636 3439 720 3511 festo
750 3437 1006 3512 Purificacionis
1034 3439 1179 3529 gloriose
1207 3458 1338 3528 semper
1365 3437 1509 3528 virginis
1535 3438 1650 3510 Maris.

925 3590 967 3670 (2.
984 3591 1157 3668 fabruarii).

524 3733 602 3796 ltem
627 3733 743 3796 domus
767 3747 797 3795 et
822 3733 940 3796 fundus
963 3753 999 3796 ac
1030 3733 1178 3799 hedificia
1203 3734 1333 3817 Mathye
1354 3734 1484 3797 sartoris
1507 3731 1565 3796 filii
1592 3733 1677 3796 Luce

418 3839 457 3902 de
482 3840 685 3920 Brebrowcz,
710 3840 741 3902 in
766 3841 892 3902 civitate
910 3840 1052 3924 predicta
1077 3841 1159 3904 inter
1175 3840 1290 3904 domos
1314 3853 1345 3903 et
1369 3839 1489 3903 fundos
1513 3839 1598 3903 Petri
1614 3859 1678 3902 sar·

417 3946 495 4008 toris
519 3959 550 4008 et
572 3946 749 4008 liberorum
774 3947 910 4009 condam
935 3947 1064 4009 Thome
1085 3946 1242 4010 carnificis
1267 3947 1378 4010 Kozala
1402 3947 1479 4010 dicti
1517 3947 1626 4011 habita
1649 3961 1679 4011 et

418 4053 565 4132 existens,
590 4053 729 4114 mediam
761 4054 882 4115 curiam
908 4054 939 4115 in
972 4074 1006 4114 se
1037 4055 1216 4134 continens,
1253 4075 1271 4116 a
1304 4055 1408 4138 platea
1441 4055 1607 4116 communi
1639 4055 1678 4116 ab

419 4159 540 4222 oriente
574 4159 681 4220 habits
713 4173 744 4220 et
775 4179 877 4241 usque
908 4158 1045 4222 fundum
1078 4161 1244 4224 Michaelis
1274 4162 1403 4223 sartoris
1435 4161 1475 4224 ab
1512 4162 1678 4224 occidente

418 4265 575 4344 habitum,
599 4284 670 4326 cum
695 4266 798 4328 libero
823 4279 854 4328 et
877 4286 989 4329 securo
1013 4267 1086 4330 loco
1111 4268 1220 4331 cloace
1244 4267 1365 4331 ibidem
1391 4267 1423 4330 in
1449 4267 1550 4330 fundo
1576 4268 1677 4351 ipsius

420 4371 550 4454 Mathye
575 4372 704 4433 sartoris
726 4392 823 4454 penes
847 4386 965 4434 metam
989 4375 1076 4436 etin
1109 4375 1259 4456 contigua
1284 4375 1447 4437 vicinitate
1471 4388 1560 4437 mete·
1580 4375 1678 4458 ipsius

420 4477 510 4541 fundi
547 4477 623 4539 dicti
648 4477 814 4540 Michaelis
845 4481 975 4541 sartoris
1005 4499 1078 4542 cum
1102 4481 1202 4542 libera
1234 4481 1431 4544 admissione
1462 4494 1493 4543 et
1524 4481 1677 4544 benivolo

419 4604 577 4666 consensu
601 4585 745 4647 eiusdem
771 4586 937 4648 Michaelis
959 4587 1088 4649 sartoris
1112 4587 1218 4650 eiosso
1252 4601 1283 4650 et
1306 4587 1480 4650 effodendo
1504 4609 1540 4651 ac
1564 4607 1679 4672 prepa-

420 4691 539 4771 rando,
571 4691 677 4753 eidem
710 4691 839 4776 Mathye
872 4693 985 4755 sartori
1017 4707 1049 4756 et
1079 4693 1148 4756 eius
1176 4694 1349 4757 heredibus
1380 4715 1416 4757 ae
1440 4695 1575 4778 posteris
1608 4697 1679 4758 uni-

419 4798 517 4859 versis
540 4817 666 4880 semper
689 4799 869 4878 serviendo,
893 4812 1009 4862 statuta
1030 4812 1077 4863 est
1108 4815 1264 4883 perpetuo
1289 4800 1482 4884 possidenda
1507 4815 1539 4864 et
1570 4821 1680 4886 super-

420 4903 494 4966 inde
512 4916 558 4966 est
578 4904 669 4966 litera
692 4906 751 4967 sub
776 4905 929 4988 pendenti
952 4906 1060 4988 sigillo
1084 4909 1324 4970 communitatis
1348 4922 1506 4972 emanata.
1675 4899 1684 4932 ¹

527 5009 604 5072 ltem
628 5010 741 5073 Vrsula
767 5031 846 5074 uxor
862 5011 1019 5095 legittima
1036 5013 1147 5076 Jacobi
1171 5015 1263 5076 aliter
1280 5015 1383 5076 laxini
1400 5015 1504 5078 vocati
1528 5012 1586 5077 filii
1603 5033 1679 5078 con·
