3832 5804
776 589 861 646 Anno
883 590 975 667 1461.
1445 610 1503 656 211

243 793 376 877 Georgii
398 797 556 858 sellacoris
589 811 620 860 et
644 798 825 862 Clementis
855 799 1024 883 freniparis
1056 803 1219 866 seniorum
1252 803 1398 865 similiter
1422 803 1506 886 jura-

242 917 349 964 torum
375 917 406 965 et
429 905 611 966 concivium
630 919 826 986 nostrorum,
843 909 882 968 ab
900 909 997 970 altera
1016 908 1164 971 videlicet
1189 912 1228 972 ab
1245 910 1393 972 orientali
1417 923 1506 992 parte

242 1007 360 1090 habite,
385 1011 526 1073 mediam
552 1011 585 1074 itt
609 1024 678 1076 toto
703 1013 825 1075 curiam
850 1014 890 1076 ad
916 1034 1009 1076 usum
1036 1015 1118 1078 dicte
1136 1016 1273 1078 civitatis
1296 1018 1328 1078 in
1352 1037 1385 1078 se
1403 1016 1504 1078 conti-

243 1129 384 1196 nentem,
410 1117 441 1179 in
466 1117 637 1181 latitudine
661 1141 679 1182 a
703 1119 845 1202 predicta
877 1120 977 1183 domo
1002 1135 1124 1184 murata
1143 1117 1213 1185 'seu
1237 1122 1375 1205 pallacio
1401 1121 1506 1206 prefa-

240 1235 347 1284 torum
375 1223 467 1285 Pauli
492 1239 523 1285 et
547 1225 714 1288 Benedicti
732 1225 968 1288 aurifabrorum
986 1248 1088 1309 usque
1112 1229 1151 1290 ad
1169 1228 1344 1311 predictam
1370 1228 1506 1292 domum

241 1328 402 1392 dictorum
421 1329 556 1412 Georgii
581 1332 740 1394 sellatoris
757 1347 788 1394 et
812 1332 991 1396 Clementis
1007 1334 1175 1418 freniparis
1198 1335 1354 1398 tredecim
1378 1335 1507 1398 brachia

242 1434 343 1498 ferrea
367 1436 400 1498 in
432 1455 466 1499 se
502 1438 741 1518 continentem,
778 1439 984 1502 medietatem
1020 1441 1172 1504 videlicet
1204 1443 1347 1524 ipsorum
1380 1443 1507 1522 domus,

241 1541 344 1622 fundi,
368 1544 555 1628 cellariique
580 1547 779 1608 subterranei
804 1546 911 1609 eidem
936 1547 1048 1610 domui
1073 1549 1268 1630 subjacentia
1293 1563 1327 1611 ut
1349 1549 1507 1632 prefertur

240 1669 296 1712 seu
313 1651 346 1711 in
363 1651 478 1713 eodem
505 1649 606 1713 fundo
631 1651 748 1730 effossi,
773 1672 831 1715 nec
856 1673 921 1714 non
946 1652 1159 1732 edificiorum,
1177 1655 1365 1736 porcionem
1381 1655 1505 1717 scilicet

241 1776 344 1838 suam,
362 1776 460 1819 unam
483 1758 711 1820 tantummodo
736 1772 882 1840 quartam
916 1759 1002 1822 curie
1026 1761 1058 1821 in
1082 1781 1116 1822 se
1147 1761 1378 1842 continentem,
1403 1761 1505 1823 Paulo

240 1863 380 1926 sellatori
399 1861 466 1925 filio
485 1863 649 1926 Benedicti
668 1864 707 1926 de
733 1863 838 1927 Crisio
854 1885 974 1947 genero
998 1886 1075 1929 vero
1093 1886 1152 1928 suo
1172 1867 1295 1930 concivi
1313 1881 1422 1930 nostro
1445 1887 1504 1950 pro

241 1969 371 2050 triginta
385 1969 453 2032 flor.
466 1971 533 2032 auri
547 1970 745 2032 vendidisset
765 1985 920 2054 perpetuo
937 1973 1176 2054 possidendam,
1200 1993 1295 2056 super
1319 1973 1380 2036 hoc
1398 1973 1505 2036 eidem

242 2090 390 2138 emanata
415 2090 462 2139 est
485 2077 575 2138 litera
600 2078 659 2138 sub
683 2077 837 2159 pendenti
854 2078 962 2160 sigillo
985 2080 1234 2142 communitatis.

348 2182 427 2246 ltem
453 2183 587 2266 provida
621 2183 737 2245 mulier
769 2183 870 2246 Elena
903 2185 995 2247 aliter
1026 2187 1116 2248 Jelka
1149 2187 1259 2249 relicta
1283 2185 1421 2249 condam
1453 2187 1506 2249 Jo-

242 2289 357 2351 hannis
389 2291 507 2351 sutoris
538 2289 630 2352 aliter
663 2289 747 2352 lwan
781 2289 839 2352 filii
872 2291 1001 2354 Martini
1032 2292 1180 2354 similiter
1218 2293 1335 2356 sutoris
1365 2294 1506 2356 concivis

241 2396 352 2475 nostri,
377 2395 525 2458 vendidit
548 2395 722 2478 quemdam
752 2395 890 2458 fundum
922 2417 1016 2459 suum
1042 2397 1073 2459 in
1107 2399 1178 2460 vico
1202 2399 1409 2462 Teutonicali
1434 2420 1505 2483 pre·

241 2501 303 2564 fate
328 2502 464 2564 civitatis
489 2503 638 2564 exteriori
656 2503 739 2564 inter
755 2503 889 2565 domum
915 2519 945 2565 et
969 2503 1106 2566 fundum
1125 2505 1268 2568 virorum
1294 2507 1504 2589 providorum

243 2609 322 2692 Elye
347 2623 378 2670 et
395 2608 551 2671 Anthonii
577 2621 733 2690 sutorum,
758 2611 797 2671 ab
823 2629 885 2672 una
910 2624 1009 2692 parte,
1034 2613 1073 2673 ab
1088 2612 1187 2677 altera
1211 2633 1288 2674 vero
1312 2627 1401 2696 parte
1425 2613 1504 2676 libe-

242 2734 351 2776 rorum
374 2735 431 2777 seu
453 2734 673 2778 successorum
691 2715 828 2778 condam
847 2717 975 2778 Thome
993 2719 1103 2801 Rosyn
1121 2718 1196 2780 dicti
1215 2721 1398 2782 concivium
1416 2720 1503 2781 vide·

242 2822 316 2884 licet
340 2836 523 2884 nostrorum
542 2823 698 2902 habitum,
717 2843 814 2884 unam
834 2823 1062 2886 tantummodo
1079 2839 1224 2906 quartam
1243 2826 1329 2887 curie
1353 2825 1394 2887 ad
1410 2845 1504 2887 usum

246 2928 329 2990 dicte
354 2929 491 2991 civitatis
514 2929 546 2990 in
571 2948 604 2991 se
629 2929 860 3008 continentem,
885 2930 1024 2992 lohanni
1056 2931 1155 2992 sutori
1180 2929 1247 2992 filio
1273 2930 1438 2993 Benedicti
1464 2930 1505 2994 de

244 3036 393 3120 lwanych
417 3049 453 3098 ut
476 3035 540 3118 jam
566 3055 652 3098 novo
676 3037 802 3098 concivi
826 3037 973 3099 vendidit
1005 3051 1161 3120 perpetuo
1186 3037 1428 3120 possidendum,
1452 3037 1503 3100 cui

241 3156 387 3204 emanata
426 3157 473 3204 est
503 3142 595 3204 litera
619 3144 678 3204 sub
702 3143 810 3225 sigillo
843 3145 1084 3206 communitatis
1109 3145 1192 3206 dicte
1219 3145 1366 3209 civitatis.

347 3250 444 3324 Quod
470 3249 603 3312 honesta
628 3251 744 3312 mulier
769 3250 871 3313 Elena
895 3251 1006 3313 relicta
1032 3251 1168 3313 condam
1195 3251 1351 3313 lobannis
1375 3252 1504 3313 sartoris

241 3355 319 3416 olim
344 3355 437 3438 jurati
462 3369 493 3418 et
517 3356 659 3419 concivis
682 3358 794 3436 nostri,
818 3357 959 3419 concivis
984 3371 1101 3437 nostra,
1119 3357 1264 3421 vendidit
1288 3359 1416 3420 vineam
1433 3378 1503 3440 pre·

243 3459 299 3522 fati
323 3461 479 3524 lobannis
502 3463 633 3525 sartoris
657 3464 760 3524 mariti
793 3464 853 3543 sui,
877 3464 909 3524 in
942 3463 1104 3526 territorio
1130 3463 1230 3546 ipsius
1261 3464 1398 3526 civitatis
1423 3465 1504 3526 inter

243 3567 358 3630 domos
383 3568 509 3651 providi
534 3569 594 3630 viri
628 3569 726 3631 Blasii
750 3569 926 3655 Wytesych
959 3571 1095 3632 senioris
1127 3569 1231 3651 jurati,
1256 3591 1272 3632 a
1298 3571 1503 3633 meridionali

242 3687 332 3756 parte
357 3687 387 3736 et
419 3676 520 3757 probe
552 3675 683 3737 domine
717 3675 916 3757 Margaretha
948 3689 1060 3738 vocate
1093 3677 1200 3738 relicte
1233 3676 1371 3738 condam
1405 3676 1502 3739 Blasii

242 3780 321 3842 olim
346 3779 461 3862 judicis
485 3795 516 3844 et
540 3782 723 3844 concivium
746 3795 928 3844 nostrorum
960 3804 977 3844 a
1009 3784 1237 3865 septemtrione
1270 3783 1423 3862 habitam,
1448 3783 1502 3845 de·

242 3907 337 3970 super
354 3907 372 3949 a
388 3888 440 3950 via
457 3888 621 3950 communi
639 3908 753 3970 magna
772 3887 853 3951 infra
871 3909 971 3972 usque
989 3889 1140 3968 rivulum,
1158 3889 1254 3950 simul
1272 3908 1344 3950 cum
1361 3889 1501 3970 virgulto

242 3993 348 4055 eidem
366 3993 542 4076 subjacenti
567 4015 599 4055 se
624 3996 859 4072 extendentem,
884 3995 1012 4058 Thome
1046 3995 1138 4056 aliter
1162 3995 1316 4056 Thoman
1342 3995 1500 4060 moderno

240 4097 343 4180 jurato
367 4120 426 4183 pro
458 4100 574 4162 debitis
598 4101 697 4183 ipsius
721 4101 859 4162 condam
884 4101 1039 4163 lobannis
1062 4101 1191 4163 sartoris
1215 4101 1365 4164 videlicet
1387 4101 1500 4183 viginti

240 4225 294 4268 sex
315 4191 349 4268 ¹et
369 4205 475 4269 media
499 4208 614 4269 marcis
637 4208 844 4269 denariorum
867 4208 1102 4270 viennensium
1126 4207 1322 4269 vendidisset
1344 4221 1500 4292 perpetuo

242 4313 469 4394 possidendam
496 4328 527 4376 et
551 4314 623 4376 data
649 4327 695 4376 est
719 4316 747 4376 ei
773 4315 863 4376 litera
880 4317 938 4376 sub
962 4315 1069 4396 sigillo
1094 4315 1343 4377 communitatis.

348 4421 446 4494 Quod
471 4422 572 4502 proba
597 4420 713 4482 mulier
738 4425 845 4502 Agnes
868 4421 978 4482 relicta
1011 4421 1148 4483 condam
1174 4421 1338 4483 Benedicti
1365 4420 1445 4482 labri
1471 4435 1502 4484 et

242 4527 416 4589 Karberina
441 4525 507 4588 filia
531 4525 676 4588 eiusdem
701 4547 737 4588 ex
763 4527 877 4589 eodem
903 4528 1041 4589 condam
1071 4528 1247 4590 Benedicto
1272 4526 1362 4588 fabro
1386 4547 1499 4610 proge·

240 4633 306 4695 nita
342 4632 490 4695 vendidit
513 4633 647 4694 dot'num
674 4653 811 4695 unacum
845 4633 946 4696 fundo
981 4655 1016 4696 ac
1048 4633 1181 4695 edificiis
1214 4634 1295 4696 inter
1316 4634 1432 4695 domos
1455 4635 1501 4695 vi·

240 4758 350 4801 rorum
373 4738 585 4821 providorum
610 4739 708 4801 Juran
733 4739 850 4802 sutoris
875 4739 1095 4824 Scrobothych
1120 4740 1194 4801 dicti
1220 4753 1251 4800 et
1275 4743 1368 4802 Anne
1393 4739 1501 4801 relicte

240 4844 377 4906 condam
403 4845 487 4906 Petri
512 4844 587 4908 dicti
615 4846 707 4926 Pero,
732 4847 770 4908 ab
800 4846 934 4925 oriente,
966 4867 1002 4908 ac
1027 4845 1205 4908 Clementis
1237 4843 1329 4926 fabri,
1354 4847 1393 4907 ab
1418 4847 1501 4908 occi·

241 4951 347 5030 dente,
371 4965 555 5013 nostrorum
580 4951 773 5032 concivium,
798 4953 1011 5015 ameridione
1028 4953 1078 5014 via
1097 4953 1278 5014 communis
1303 4967 1333 5014 et
1357 4951 1502 5034 platealis

241 5071 272 5121 et
296 5071 369 5121 ante
405 5059 538 5121 eretris
570 5079 672 5141 usque
705 5079 832 5122 murum
865 5060 1000 5122 civitatis
1033 5060 1174 5142 predicte
1206 5079 1239 5122 se
1264 5058 1501 5184 extendeptem,
