3832 5804
603 1634 716 1720 Anno
744 1631 900 1718 Domini
928 1626 1198 1727 mudeuurt.)

843 1829 946 1838 ...—--

264 1975 353 2051 ltem
382 1973 578 2050 notandum
617 1981 684 2066 est,
723 1973 817 2071 quod
847 1971 879 2046 in
918 1995 1011 2046 anno
1041 1969 1184 2044 Domini
1214 1967 1400 2042 millesimo
1439 1987 1522 2064 qua-

264 2099 548 2196 dringentesimo
587 2097 883 2196 quinquagesimo
918 2105 1067 2195 quartu,
1096 2094 1129 2167 in
1159 2093 1283 2191 vigilia
1312 2090 1397 2166 lesti
1428 2087 1525 2164 Puri-

265 2222 446 2298 ficacionis
484 2223 593 2296 beate
630 2243 776 2320 semper
811 2221 961 2318 virginis
991 2217 1114 2310 blane,
1153 2227 1318 2314 tempore
1346 2213 1526 2311 judicatus

264 2348 327 2422 viri
352 2347 489 2446 providi
522 2355 560 2420 et
587 2345 729 2420 honesti
760 2343 917 2418 Conradi
946 2342 1101 2418 Ravvsar
1137 2340 1195 2415 lilii
1226 2338 1347 2423 Vlrici,
1376 2339 1410 2411 in
1448 2359 1526 2434 pre-

266 2473 359 2546 senti
398 2472 548 2545 katemo
580 2479 663 2544 sunt
701 2469 906 2566 conscripte
937 2475 975 2541 et
1013 2466 1228 2562 consignate
1257 2463 1359 2536 litere
1388 2458 1525 2559 privile-

266 2595 381 2693 giales
412 2617 520 2693 super
547 2591 841 2692 possessionibus
880 2598 918 2666 et
955 2589 1187 2688 porcionibus
1226 2581 1527 2685 possessionariis

267 2719 390 2793 civium
420 2727 457 2792 et
484 2717 761 2791 inhabitatorum
792 2715 946 2790 civitatis
984 2713 1144 2812 predicte
1183 2711 1289 2784 modo
1328 2719 1366 2784 et
1403 2706 1527 2781 ordine

766 2837 1014 2937 infrascriptis.

776 3109 817 3180 (l.
833 3105 1009 3181 februaria).

374 3247 451 3308 ltem
476 3248 579 3308 Lucas
603 3262 692 3308 sutor
715 3245 800 3308 filius
825 3245 952 3330 Mathye
981 3261 1011 3307 et
1029 3245 1210 3328 Stephanus
1235 3259 1323 3307 sutor
1346 3243 1431 3305 filius
1449 3241 1528 3304 Gre-

267 3353 349 3434 gorii
385 3353 594 3414 commissarii
620 3367 650 3414 et
674 3367 860 3415 executores
884 3354 1064 3414 testamenti
1099 3353 1237 3413 condam
1263 3351 1388 3412 Nicolai
1414 3349 1529 3410 sutoris

268 3460 343 3520 dicti
369 3459 547 3540 Supanecz,
573 3459 707 3520 domum
733 3475 763 3520 et
788 3457 924 3520 fundum
950 3479 985 3519 ac
1014 3459 1179 3520 cellarium
1205 3473 1236 3519 et
1258 3455 1404 3518 hedificia
1431 3457 1529 3536 ipsius

267 3565 404 3626 condam
429 3565 553 3626 Nicolai
582 3565 758 3646 Supanecz‚
784 3566 816 3626 in
842 3565 925 3626 dicta
950 3565 1079 3626 civitate
1113 3566 1144 3625 in
1170 3565 1333 3625 vicinitate
1359 3563 1475 3622 domus
1500 3575 1530 3622 et

269 3671 359 3732 fundi
395 3662 533 3732 fornacis
557 3671 720 3732 Valentini
753 3672 866 3752 judicis
900 3673 1003 3749 sitam,
1036 3685 1098 3732 tres
1124 3671 1154 3730 in
1188 3685 1255 3730 toto
1289 3683 1418 3750 quartas
1443 3667 1529 3728 curie

268 3791 418 3839 crunam
443 3794 589 3839 octavam
615 3778 647 3838 in
671 3799 704 3838 se
722 3779 953 3853 continentem,
978 3797 1051 3838 cum
1076 3777 1228 3836 orionibus
1245 3775 1309 3836 suis
1334 3775 1526 3836 utilitatibus

267 3900 297 3945 et
321 3884 524 3964 pertinenciis
547 3885 704 3946 universis
729 3885 862 3944 domino
888 3885 981 3944 Petro
1018 3883 1084 3944 filio
1116 3883 1245 3944 Thome
1270 3883 1309 3943 de
1335 3883 1526 3962 Zvvybowcz

267 3992 422 4053 canonico
459 3991 592 4052 ecclesie
628 3991 843 4070 zagrabiensis
880 4007 909 4050 et
942 3989 1079 4050 iohanni
1116 3989 1183 4049 lilio
1208 3990 1352 4050 eiusdem
1390 3989 1530 4066 Thome‚

266 4097 353 4158 fratri
377 4097 520 4158 eiusdem
547 4097 671 4157 domini
698 4097 780 4156 Petri
808 4097 934 4157 uterino
960 4112 990 4156 et
1015 4096 1145 4172 carnali,
1172 4111 1205 4156 ur
1230 4095 1321 4156 novis
1346 4093 1530 4154 concivibus

266 4204 392 4280 nostris,
427 4223 484 4285 pro
518 4217 602 4264 certa
638 4204 847 4284 pecuniarum
883 4202 1060 4282 quantitate
1094 4203 1281 4263 auctoritate
1314 4201 1530 4261 commissaria

265 4310 480 4370 vendiderunt
504 4324 660 4391 perpetuo
686 4309 915 4390 possidendam
948 4329 986 4368 ex
1019 4327 1177 4369 consensu
1201 4307 1299 4368 vicini
1334 4307 1467 4386 predicti
1501 4321 1531 4367 et

265 4415 437 4496 superinde
463 4430 509 4476 est
532 4415 622 4476 litera
655 4417 713 4476 sub
739 4413 890 4496 pendenti
922 4414 1029 4494 sigillo
1061 4414 1301 4474 communitatis
1327 4428 1483 4474 emanata.

374 4521 450 4583 ltem
477 4521 638 4602 Georgius
662 4521 771 4597 cliens,
796 4541 905 4600 gener,
931 4535 961 4580 et
979 4520 1162 4581 Anthonius
1179 4519 1263 4580 lilius
1288 4519 1425 4580 condam
1444 4517 1526 4578 Petri

267 4627 479 4710 Zudrovvych‚
505 4629 583 4688 duas
614 4627 783 4696 porciones
816 4646 927 4687 eorum
961 4627 1102 4688 vineales
1135 4627 1165 4686 in
1197 4627 1359 4687 territorio
1393 4625 1529 4686 civitatis

267 4735 407 4816 predicte
433 4735 513 4796 inter
539 4736 647 4795 vineas
672 4735 783 4796 iacobi
809 4731 976 4812 carnificis,
998 4734 1213 4795 ameridioue
1238 4749 1269 4794 et
1286 4734 1368 4794 inter
1384 4731 1527 4793 vineales

268 4842 436 4923 porciones
461 4842 637 4902 Sebastiam
664 4842 813 4903 Soldinar
838 4840 972 4918 habitas,
997 4841 1140 4920 predicto
1166 4841 1286 4900 lacobo
1312 4837 1450 4900 carnifici
1469 4858 1526 4919 pro

269 4965 383 5008 novem
416 4947 485 5008 flor.
518 4947 585 5007 auri
618 4948 831 5008 vendiderunt
862 4961 1018 5028 perpetuo
1051 4946 1259 5028 possidendas
1296 4961 1326 5006 et
1357 4945 1528 5026 superinde

269 5069 314 5113 est
340 5053 400 5115 sibi
424 5053 515 5114 litera
533 5055 591 5114 sub
616 5053 769 5134 pendenti
793 5053 900 5135 sigillo
925 5054 1164 5114 communitatis
1189 5066 1346 5114 emanata.
