3816 5802
239 736 380 817 virgulto
405 736 465 818 ipsi
490 736 583 796 vinee
605 735 741 815 desuper
766 747 795 794 et
819 733 988 815 adjacenti,
1015 735 1097 796 inter
1128 734 1253 796 vineam
1279 736 1426 796 similiter
1451 735 1503 796 de·

239 857 355 906 sertam
380 856 411 904 et
435 823 549 904 silvam
575 841 727 922 Symonis
751 839 892 918 cultoris,
917 842 957 910 ab
981 839 1159 919 occidente,
1184 842 1346 904 mediante
1363 842 1503 922 quodam

240 948 359 1010 fossato
383 948 517 1029 antiquo
542 948 581 1008 ab
606 945 784 1024 occidente,
809 965 845 1006 ac
870 947 951 1007 inter
967 947 1064 1008 silvas
1093 947 1235 1008 virorum
1260 948 1408 1009 similiter
1432 967 1504 1029 pro-

239 1054 388 1116 vidorum
415 1053 566 1136 Symonis
598 1066 628 1112 et
653 1050 782 1114 Thome
813 1050 954 1113 liliorum
984 1052 1114 1114 Andree
1148 1051 1187 1114 de
1213 1051 1369 1131 Gradsan,
1395 1073 1412 1114 a
1436 1073 1505 1135 sep-

240 1161 422 1238 temtrione,
446 1160 608 1221 mediante
633 1158 780 1220 similiter
805 1157 923 1220 fossato
942 1159 1087 1240 antiquo,
1115 1178 1171 1219 nec
1196 1179 1260 1222 non
1287 1160 1368 1221 inter
1392 1159 1505 1220 silvam

241 1269 417 1329 liberorum
440 1287 496 1328 seu
520 1283 739 1326 suceessorum
774 1265 912 1326 condam
943 1264 1040 1326 Blasii
1075 1265 1283 1348 Slycharych,
1307 1267 1347 1326 ab
1372 1265 1505 1343 oriente,

241 1374 401 1436 mediante
427 1372 569 1454 quodam
595 1369 714 1432 fossato
738 1391 794 1433 seu
819 1385 903 1432 meta
928 1371 1060 1452 antiqua
1085 1372 1124 1432 ad
1151 1372 1285 1432 modurn
1310 1371 1426 1434 littoris
1450 1392 1505 1433 an·

240 1480 321 1562 tiqui
345 1477 453 1542 fossati
479 1478 596 1557 habita,
619 1479 711 1540 sitam
737 1491 768 1539 et
798 1477 997 1555 existentem,
1030 1477 1166 1558 desuper
1190 1499 1207 1540 a
1232 1477 1363 1560 prelatis
1380 1477 1506 1540 fossatis

242 1601 273 1647 et
295 1587 388 1647 metis
413 1585 553 1666 antiquis
577 1597 607 1646 et
632 1582 713 1646 infra
739 1603 840 1665 usque
865 1581 1019 1645 fossatum
1037 1605 1054 1644 a
1073 1599 1161 1666 parte
1186 1599 1268 1646 terte
1294 1597 1402 1646 nostre
1419 1604 1505 1646 com·

242 1692 348 1752 munis
374 1691 521 1752 habitum
545 1711 581 1752 ac
605 1687 715 1769 {metas
747 1705 869 1752 veteres
892 1711 925 1752 se
958 1690 1194 1768 extendentem,
1226 1711 1298 1752 curn
1323 1693 1388 1753 suis
1411 1691 1505 1773 perti·

243 1798 364 1860 nenciis
390 1797 563 1859 Valentino
581 1809 611 1858 et
626 1795 787 1858 Clementi
812 1794 886 1858 filiis
904 1795 1037 1877 Georgii
1052 1795 1127 1858 dicti
1143 1797 1278 1880 Blasych
1304 1798 1343 1859 de
1361 1796 1506 1859 Gradsan

242 1905 301 1965 sub
326 1923 422 1964 censu
447 1921 555 1964 annuo
580 1923 637 1964 seu
661 1917 820 1984 proventu
854 1903 949 1964 musti
982 1922 1037 1964 seu
1063 1904 1129 1964 vini
1155 1905 1230 1965 novi
1265 1924 1323 1986 pro
1348 1923 1413 1965 uno
1437 1903 1506 1966 flor.

243 2011 322 2088 auri,
347 2029 443 2092 quern
470 2010 529 2091 ipsi
562 2009 701 2072 claustro
734 2010 833 2070 sancti
871 2008 1029 2070 Francisci
1059 2029 1115 2070 seu
1148 2008 1297 2072 iratribus
1322 2011 1420 2092 ipsius
1444 2011 1505 2072 sin-

242 2117 326 2199 gulis
349 2117 442 2178 annis
466 2117 496 2176 in
523 2114 603 2178 festo
631 2116 731 2176 sancti
768 2114 897 2176 Martini
931 2115 1071 2196 episcopi
1097 2130 1126 2176 et
1158 2114 1350 2178 confessoris
1373 2116 1507 2196 siugulis

244 2224 335 2286 aunis
358 2221 585 2304 persolvendo,
611 2221 700 2283 dedit
724 2236 880 2303 perpetuo
898 2219 1126 2303 possidendam
1152 2236 1183 2284 et
1207 2221 1380 2305 superinde
1406 2236 1452 2284 est
1469 2223 1505 2284 li·

244 2344 309 2390 tera
334 2329 543 2412 privilegialis
566 2330 625 2391 sub
650 2327 803 2412 pendenti
829 2327 935 2409 sigillo
961 2329 1201 2392 communitatis
1226 2343 1385 2394 emanata.

351 2435 429 2496 ltem
454 2435 593 2516 quedam
612 2435 722 2516 porcio
742 2435 876 2506 vinealis
902 2434 933 2494 in
950 2435 1113 2496 territorio
1131 2435 1269 2498 civitatis
1294 2437 1375 2496 inter
1399 2435 1508 2496 vineas

247 2519 457 2605 Cwetlilronis
482 2555 513 2603 et
536 2561 591 2601 sue
617 2541 725 2602 uxoris
749 2553 779 2602 et
805 2540 906 2602 Elene
935 2541 1054 2602 sororis
1085 2541 1230 2604 eiusdem
1255 2540 1443 2623 Elyzabeth,
1467 2541 1507 2602 ab

248 2667 311 2708 una
343 2661 443 2730 parte,
475 2649 515 2709 ab
547 2647 646 2709 altera
678 2666 755 2708 vero
794 2660 882 2728 parte
915 2646 997 2707 inter
1029 2647 1156 2708 vineam
1190 2647 1318 2710 Martini
1345 2645 1400 2728 filii
1434 2645 1508 2708 dicti

248 2753 391 2836 Spesych
415 2753 522 2816 habita
547 2769 577 2816 et
601 2755 749 2832 existens,
766 2753 903 2834 desuper
920 2772 937 2813 a
959 2751 1077 2815 fossato
1095 2768 1125 2816 et
1144 2752 1223 2816 inira
1242 2773 1344 2835 usque
1362 2753 1402 2814 ad
1419 2753 1508 2814 aliud

247 2859 400 2921 fossatum
418 2880 474 2922 seu
492 2875 609 2921 metam
627 2861 794 2941 antiquam
811 2877 883 2919 cum
897 2873 979 2920 terra
1003 2860 1062 2920 sibi
1079 2861 1256 2942 subjacenti
1271 2881 1303 2922 se
1324 2859 1508 2938 extendens,

246 2985 319 3029 cum
343 2967 408 3028 suis
431 2967 637 3049 pertinenciis
663 2965 806 3046 Georgio
835 2965 948 3026 vitrico
982 2967 1121 3048 ipsarum
1148 2967 1325 3050 Elyzabeth
1351 2981 1382 3028 et
1409 2967 1508 3029 Elene

244 3074 416 3134 mulierum
442 3087 472 3134 et
496 3074 561 3134 suis
585 3073 757 3134 heredibus
781 3075 840 3133 sub
866 3073 958 3134 metis
984 3073 1015 3134 in
1049 3075 1147 3136 literis
1172 3075 1426 3158 privilegialibus
1451 3093 1509 3156 pro

244 3193 332 3260 parte
356 3180 404 3240 sui
429 3179 601 3260 superinde
627 3177 780 3240 conlectis
816 3179 982 3260 expressis,
1015 3195 1061 3241 est
1084 3195 1199 3242 statuta
1224 3195 1379 3263 perpetuo
1409 3179 1508 3261 possi-

245 3285 349 3346 denda
374 3301 404 3346 et
438 3285 611 3368 superinde
644 3299 690 3346 est
721 3285 810 3346 litera
853 3285 912 3344 sub
946 3286 1097 3367 pendenti
1131 3286 1238 3368 sigillo
1271 3285 1510 3348 communitatis

247 3391 352 3452 eidem
376 3391 519 3473 Georgio
544 3405 700 3454 emanata.

313 3629 395 3699 Item
424 3631 457 3698 in
488 3628 572 3699 lesto
598 3627 850 3700 Purificacionis
879 3633 974 3702 beate
995 3651 1125 3719 semper
1153 3630 1294 3718 virginis
1325 3633 1440 3702 Maria.

736 3789 777 3856 (2.
799 3785 968 3856 februarii).

353 3920 430 3982 ltem
455 3921 639 3982 Anthonius
656 3920 797 3982 carnifex
814 3921 899 3984 filius
917 3923 1071 3985 lobannis
1094 3923 1151 3985 filii
1170 3925 1318 4007 Myklini,
1342 3925 1508 4006 quoddam

247 4027 418 4109 pallacium
444 4047 499 4088 seu
525 4027 688 4108 quandam
714 4028 847 4090 domum
882 4049 971 4091 suam
998 4045 1154 4092 muratam
1189 4033 1284 4092 simul
1309 4051 1381 4092 curn
1407 4029 1508 4092 fundo

248 4149 278 4196 et
301 4132 458 4196 hedificiis
476 4134 507 4196 in
533 4134 617 4196 dicta
634 4135 763 4196 civitate
782 4136 864 4196 inter
881 4137 984 4198 curias
1000 4158 1056 4199 seu
1074 4137 1188 4200 domos
1213 4139 1368 4200 Johannis
1384 4137 1507 4220 pridem

247 4241 360 4322 judicis
384 4254 415 4302 et
439 4241 582 4302 concivis
599 4241 699 4302 nostri
718 4240 775 4302 filii
794 4242 886 4322 Pero,
912 4263 929 4303 a
954 4244 1160 4305 meridionali
1178 4257 1276 4324 parte,
1294 4265 1310 4304 a
1328 4259 1415 4326 parte
1433 4262 1508 4304 vero

246 4348 499 4429 septemtrionali
524 4348 700 4409 liberorum
734 4368 791 4410 seu
824 4369 1042 4411 successorum
1076 4350 1214 4411 condam
1240 4351 1322 4412 Petri
1347 4351 1510 4411 servitoris

247 4454 323 4516 olim
349 4455 463 4516 Briccii
488 4453 604 4536 judicis
629 4455 775 4516 habitum
800 4467 831 4517 et
855 4457 1053 4536 existentem,
1079 4477 1174 4518 unam
1201 4457 1355 4537 integram
1387 4457 1507 4518 curiam

246 4560 284 4620 ad
309 4579 402 4621 usum
427 4560 563 4622 civitatis
588 4561 729 4643 predicte
755 4561 787 4622 in
822 4581 855 4623 se
880 4562 1109 4642 continentem,
1144 4561 1267 4643 prefato
1294 4562 1434 4624 Johanni
1460 4564 1509 4644 ju·

246 4665 307 4726 dici
331 4665 477 4728 vendidit
500 4679 656 4748 perpetuo
673 4667 904 4749 possidendum
930 4681 960 4730 et
977 4669 1149 4750 superinde
1174 4683 1220 4731 est
1245 4669 1335 4731 litera
1354 4670 1413 4730 sub
1430 4689 1508 4752 pen·

249 4769 336 4832 denti
360 4771 468 4853 sigillo
493 4773 735 4834 communitatis
759 4787 915 4836 emanata.

353 4877 430 4940 ltem
470 4877 617 4962 Mathyas
648 4877 733 4940 filius
765 4878 902 4940 condam
935 4877 1066 4960 Georgii
1099 4880 1215 4942 sutoris
1254 4880 1405 4962 predialis
1437 4901 1508 4963 pro-

251 4984 356 5046 vincie
380 4984 585 5065 chasmensis,
610 4986 815 5048 medietatem
840 4985 1005 5050 cuiusdam
1023 4987 1149 5065 domus,
1174 4985 1264 5050 fundi
1290 5002 1320 5050 et
1344 4985 1505 5052 hedificio-
