3832 5804
780 568 980 645 Anno1455.
1457 561 1512 628 161

248 779 329 840 siam
354 781 453 840 sancti
480 779 608 840 Martini
634 778 776 860 episcopi
810 793 841 841 et
872 779 1076 859 confessoris,
1102 781 1183 842 inter
1216 779 1353 842 lundam
1379 779 1513 862 Georgii

251 883 355 946 lratris
380 884 487 965 Egidii
513 882 670 946 carnificis
694 899 724 946 et
748 883 924 946 liberorum
954 885 1091 946 condam
1118 885 1243 947 Nicolai
1274 885 1386 967 generi
1414 886 1514 946 Kusse

248 989 421 1051 obstitricis
444 989 602 1068 habitum,
626 1008 723 1070 quem
741 993 850 1072 Agnes
874 990 982 1052 relicta
1000 989 1137 1052 condam
1156 990 1284 1052 Thome
1308 987 1412 1052 fratris
1437 1009 1513 1051 con·

248 1096 321 1158 dam
348 1095 501 1178 Stephani
528 1093 703 1157 Constabel
736 1096 868 1158 ecclesie
914 1097 1013 1158 sancti
1047 1097 1164 1176 Marci,
1196 1110 1304 1158 nostre
1336 1095 1511 1178 parochiali

248 1202 392 1280 ecclesie,
417 1221 475 1284 pro
511 1202 656 1264 remedio
688 1202 795 1264 anime
827 1203 962 1265 ecclesie
988 1203 1047 1286 ipsi
1080 1203 1199 1284 legavit
1229 1217 1385 1286 perpetuo
1410 1201 1511 1284 possi·

249 1308 403 1387 dendum,
427 1310 643 1370 communitas
665 1309 706 1370 ad
731 1309 900 1372 instantem
927 1310 1121 1392 peticionem
1146 1309 1271 1370 domini
1297 1309 1422 1371 Nicolai
1448 1308 1514 1391 ple-

248 1415 323 1476 bani
348 1417 388 1476 ab
413 1415 502 1476 omni
525 1415 678 1476 civilitate
703 1415 822 1476 amodo
847 1415 998 1498 deinceps
1035 1415 1218 1494 eximendo,
1250 1415 1356 1478 eidem
1381 1415 1515 1477 ecclesie

248 1521 347 1582 sancti
373 1521 470 1582 Marci
496 1522 701 1602 ewangeliste
727 1523 928 1604 perpetuavit
953 1537 983 1583 et
1008 1521 1210 1584 confirmavit
1238 1537 1395 1606 perpetuo
1415 1523 1515 1604 possi·

248 1627 391 1688 dendum
418 1641 449 1688 et
473 1628 650 1689 rectoribus
673 1628 739 1688 suis
764 1648 821 1710 pro
846 1643 991 1710 tempore
1017 1629 1208 1692 constitutis.

355 1751 433 1813 ltem
459 1751 614 1812 medietas
638 1751 758 1814 directa
790 1767 821 1814 et
854 1753 978 1834 equalis
1006 1753 1173 1814 cuiusdam
1205 1752 1332 1831 domus,
1359 1751 1449 1815 lundi
1484 1767 1515 1815 et

248 1858 369 1920 cellarii
394 1857 592 1919 subterranei
626 1877 660 1919 ac
693 1855 915 1920 hedificiorum
950 1857 1105 1920 Johannis
1137 1859 1264 1921 Barbati
1297 1859 1425 1921 sartoris
1459 1857 1515 1920 lilii

250 1964 390 2047 Philippi
414 1965 550 2026 senioris
574 1965 667 2044 jurati
686 1979 717 2026 et
733 1965 874 2027 concivis
892 1966 1003 2043 nostri,
1020 1985 1117 2046 quam
1136 1965 1221 2027 idern
1236 1966 1399 2028 lohannes
1412 1980 1514 2026 sartor

249 2071 349 2133 Paulo
374 2070 442 2132 lilio
468 2069 601 2154 Georgii
619 2071 659 2132 de
677 2072 798 2154 Blagay
815 2071 962 2133 vendidit
979 2085 1135 2154 perpetuo
1154 2072 1392 2154 possidendam,
1409 2071 1514 2134 eidem

248 2177 350 2239 Paulo
375 2191 421 2238 est
445 2177 537 2238 litera
563 2177 755 2258 privilegiali
780 2178 839 2239 sub
864 2177 1018 2260 pendenti
1043 2177 1152 2259 sigillo
1176 2175 1415 2239 communitatis
1439 2197 1513 2239 con·

248 2281 384 2345 firmata.

356 2408 433 2468 ltem
471 2408 605 2468 domino
639 2407 782 2469 Seboldo
814 2408 983 2490 capitaneo
1015 2423 1124 2471 nostro
1157 2407 1314 2470 moderno
1346 2407 1511 2490 quoddam

248 2513 411 2576 stabulum
437 2533 509 2575 cum
535 2513 655 2595 (hlorto
673 2527 705 2576 et
729 2513 857 2576 vineola
875 2515 1012 2576 condam
1031 2515 1159 2576 Andree
1176 2514 1252 2576 dicti
1271 2515 1406 2595 Repesa,
1424 2514 1513 2596 quod

247 2634 277 2682 et
301 2639 398 2701 quam
425 2621 492 2702 ipse
516 2641 533 2682 a
558 2619 664 2700 judice
689 2635 718 2682 et
736 2621 846 2701 juratis
869 2621 1109 2684 communitatis
1130 2622 1205 2682 anni
1231 2619 1400 2703 (preteriti)
1424 2640 1511 2683 com·

248 2727 381 2808 paravit,
407 2741 454 2788 est
478 2746 551 2788 cum
577 2727 668 2788 litera
694 2727 886 2808 privilegiali
919 2729 978 2788 sub
1010 2727 1164 2809 pendenti
1198 2727 1305 2808 sigillo
1331 2726 1510 2788 communi·

248 2833 321 2894 tatis
345 2831 582 2895 confirmatum.

355 2957 433 3021 ltem
467 2959 592 3021 Blasius
624 2959 750 3022 institor
781 2958 867 3022 filius
898 2959 1028 3021 Thome
1061 2959 1313 3042 Wgrinowych,
1349 2958 1513 3040 quendam

249 3063 402 3146 (mortum
428 3085 501 3127 cum
527 3065 654 3126 stabulo
687 3085 745 3127 suo
771 3066 802 3127 in
837 3065 999 3127 vicinitate
1033 3065 1167 3147 predicti
1201 3065 1309 3144 (h)orti
1342 3077 1373 3126 et
1397 3063 1514 3125 stabuli

250 3169 363 3252 prelati
390 3171 513 3233 domini
540 3171 673 3234 Seboldi
699 3171 856 3250 habitum,
880 3173 987 3234 eidem
1013 3171 1147 3232 domino
1178 3170 1321 3232 Seboldo
1346 3170 1514 3253 capitaneo

246 3291 355 3338 nostro
380 3277 526 3339 vendidit
551 3291 706 3360 perpetuo
737 3277 969 3361 possidendum
1003 3292 1034 3339 et
1066 3277 1239 3360 superinde
1264 3291 1311 3338 est
1334 3277 1394 3338 sibi
1419 3277 1511 3338 litera

251 3383 310 3444 sub
335 3383 487 3465 pendenti
513 3383 621 3464 sigillo
646 3385 887 3446 communitatis
911 3397 1069 3446 emanata.

357 3508 434 3570 ltem
460 3509 599 3590 quedam
624 3509 717 3570 vinea
743 3529 815 3571 cum
842 3508 965 3570 ltoucha
989 3509 1127 3570 condam
1153 3507 1306 3589 Stephani
1333 3506 1510 3590 Slterthych

251 3615 282 3676 in
306 3615 468 3677 territorio
501 3615 637 3677 civitatis
669 3616 750 3678 inter
783 3616 910 3676 vineam
943 3615 1108 3696 hospitalis
1141 3615 1238 3676 nostri
1273 3614 1454 3674 communis
1486 3626 1516 3674 et

250 3721 379 3806 Mathye
412 3721 523 3798 jurati,
559 3721 737 3804 Elyzabeth
770 3722 879 3784 relicte
910 3735 941 3784 et
966 3721 1095 3782 Thome
1126 3719 1194 3782 filio
1228 3718 1341 3800 prelati
1376 3718 1513 3780 condam

251 3827 404 3909 Stephani
423 3826 600 3909 Slverthych
625 3843 671 3888 est
695 3829 755 3889 sub
773 3827 925 3909 pendenti
943 3827 1050 3907 sigillo
1067 3825 1307 3888 communitatis
1332 3823 1515 3906 privilegia-

250 3933 321 3995 liter
345 3931 532 3995 confirmata
558 3947 713 4017 perpetuo
739 3933 945 4017 possidenda.

356 4057 433 4118 ltem
458 4057 599 4140 quedam
624 4059 717 4119 vinea
741 4057 849 4120 totalis
877 4057 1014 4119 condam
1048 4056 1180 4118 domine
1207 4054 1381 4116 Katherine
1406 4053 1515 4114 relicte

248 4163 336 4248 olym
362 4164 491 4246 Mathye
517 4163 645 4242 Farltas,
669 4165 701 4225 in
726 4165 888 4226 territorio
912 4163 1048 4225 civitatis
1066 4163 1097 4224 in
1123 4163 1285 4225 vicinitate
1310 4161 1403 4222 vinee
1428 4160 1508 4220 libe-

252 4288 361 4331 rorum
386 4270 524 4331 condam
550 4270 679 4331 Andree
704 4270 743 4331 de
769 4270 873 4331 Turre
901 4285 931 4330 et
950 4269 1077 4332 Andree
1102 4269 1194 4350 jurati
1220 4267 1276 4330 filii
1303 4266 1455 4350 Symonis
1484 4279 1514 4326 et

254 4374 403 4456 Gregorii
428 4373 532 4437 fratris
556 4377 617 4454 sui,
642 4376 746 4437 eidem
765 4377 894 4438 Andree
919 4375 1022 4456 jurato
1041 4389 1072 4437 et
1096 4376 1155 4456 ipsi
1175 4374 1334 4455 Gregorio
1359 4372 1433 4434 filiis
1459 4371 1517 4454 sy-

251 4483 357 4543 monis
381 4481 514 4563 predicti
539 4484 599 4542 sub
624 4483 776 4564 pendenti
802 4483 909 4565 sigillo
938 4482 1177 4544 communitatis
1201 4496 1249 4543 est
1272 4478 1515 4563 privilegialiter

254 4586 451 4650 confirmata.

359 4711 436 4774 ltem
462 4713 576 4775 Vrsula
602 4712 709 4774 relicta
739 4713 876 4774 condam
911 4711 1049 4774 Ladislai
1082 4711 1199 4773 sutoris
1232 4709 1308 4771 dicti
1334 4707 1518 4790 Fudryche·

253 4818 356 4902 wych,
381 4817 544 4899 quandam
570 4819 697 4880 vineam
734 4839 789 4880 seu
817 4820 976 4880 vinealem
1010 4819 1196 4900 porcionem
1231 4815 1344 4899 prelati
1379 4815 1519 4878 Ladislai

254 4925 371 4986 sutoris
396 4926 426 4986 in
452 4925 612 4988 territorio
636 4925 773 4987 civitatis
790 4925 872 4986 inter
893 4925 1001 4986 vineas
1018 4944 1055 4985 ex
1074 4939 1208 5004 utraque
1234 4935 1322 5004 parte
1341 4921 1519 4983 Clementis

255 5029 517 5114 Fudrychewych
543 5029 647 5092 fratris
680 5031 778 5113 ipsius
812 5031 962 5110 ladislai,
995 5031 1099 5092 eidem
1133 5029 1293 5092 Clementi
1328 5029 1429 5090 leviro
1461 5046 1520 5089 suo

1412 5137 1447 5180 11
