3832 5804
405 584 463 646 170
568 633 578 652 ι
953 566 1037 623 Anno
1060 561 1154 642 1456.

398 777 592 858 gladiorum,
624 796 871 871 nuncfonsors
903 777 1059 858 legittima
1092 777 1174 838 Petri
1204 776 1351 838 similiter
1385 776 1563 856 purgatoris
1595 776 1664 855 gla-

399 883 538 962 diorum,
563 883 768 946 medietatem
790 897 906 944 rectam
926 897 957 945 et
981 883 1129 964 equalem
1148 883 1315 944 cuiusdam
1332 883 1450 943 domus
1468 897 1499 944 et
1514 882 1665 943 stacionis

398 1010 433 1051 ac
458 988 549 1052 fundi
575 1007 605 1052 et
628 991 852 1053 hedificiorum
878 991 908 1052 in
935 991 1019 1052 dicta
1043 991 1171 1052 civitate
1202 991 1283 1052 inter
1308 989 1441 1050 domurn
1467 990 1608 1070 ligneam
1633 1002 1666 1050 et
1697 1008 1701 1014 ·

397 1099 571 1162 stacionem
595 1120 631 1161 ac
656 1097 791 1161 fundum
817 1112 848 1161 et
872 1096 1021 1160 hedilicia
1049 1097 1178 1159 Thome
1201 1097 1354 1158 institoris
1378 1097 1455 1159 dicti
1481 1095 1615 1158 Cheden
1633 1109 1665 1156 et

398 1205 553 1266 Johannis
577 1206 731 1268 institoris
763 1205 838 1266 dicti
864 1204 981 1266 Bolsak
1013 1205 1119 1266 habite
1145 1218 1176 1266 et
1209 1203 1383 1281 existentis,
1415 1222 1512 1264 unam
1537 1203 1570 1264 in
1593 1216 1664 1263 toto

397 1326 543 1392 quartam
568 1313 655 1373 curie
681 1313 711 1373 in
738 1333 769 1374 se
788 1312 992 1390 continentis,
1009 1311 1154 1392 predicto
1180 1311 1274 1372 Petro
1292 1309 1456 1391 purgatori
1479 1309 1664 1390 gladiorum

397 1417 529 1480 donavit
546 1431 700 1500 perpetuo
719 1418 967 1501 possidendam;
992 1419 1087 1479 aliam
1106 1432 1211 1478 autem
1238 1429 1355 1478 rectam
1376 1431 1406 1477 et
1431 1416 1579 1497 equalem
1597 1435 1664 1476 me-

397 1523 547 1586 dietatem
574 1524 718 1586 eiusdem
745 1525 860 1586 domus
884 1539 915 1585 et
931 1524 1082 1585 stacionis
1104 1543 1139 1584 ac
1157 1521 1248 1584 fundi
1273 1536 1304 1584 et
1328 1521 1549 1583 hedificiorum
1569 1522 1665 1582 unius

397 1647 507 1712 quarte
533 1633 630 1710 curie,
656 1647 689 1693 ut
707 1630 873 1713 prefertur,
899 1630 1099 1712 Augustinus
1123 1630 1226 1690 dictus
1244 1630 1354 1690 Kusne
1376 1627 1461 1689 filius
1486 1628 1576 1688 Pauli
1602 1627 1662 1708 ipsi

398 1739 490 1799 Petro
516 1739 680 1819 purgatori
704 1737 886 1820 gladiorum
906 1757 963 1818 pro
983 1752 1066 1798 certa
1084 1735 1294 1818 pecuniarum
1312 1735 1488 1816 quantitate
1513 1733 1661 1794 vendidit

397 1859 551 1926 perpetuo
570 1845 798 1927 possidendam
823 1859 854 1906 et
869 1843 1042 1926 superinde
1067 1857 1113 1903 est
1137 1825 1227 1903 litera
1256 1841 1361 1903 eidem
1388 1841 1481 1903 Petro
1505 1842 1564 1901 sub
1582 1860 1661 1922 pen·

396 1951 483 2012 denti
509 1952 616 2032 sigillo
642 1952 882 2012 communitatis
907 1962 1064 2012 emanata.

503 2059 579 2120 Item
605 2057 770 2140 quoddam
795 2057 968 2140 pallacium
1002 2075 1057 2116 seu
1090 2055 1206 2116 domus
1232 2067 1354 2115 murata
1387 2072 1460 2114 cum
1493 2052 1601 2114 lundis
1632 2067 1664 2114 et

396 2165 552 2227 hedificiis
577 2165 713 2226 condam
740 2164 836 2225 Blasii
854 2163 970 2244 judicis
987 2163 1018 2222 in
1044 2161 1127 2222 dicta
1146 2161 1272 2222 civitate
1299 2160 1380 2221 inter
1405 2160 1499 2220 aliam
1526 2159 1661 2220 domurn

394 2273 535 2353 ligneam
561 2285 590 2332 et
624 2271 758 2332 lundum
792 2271 936 2332 eiusdem
972 2269 1108 2330 condam
1143 2268 1240 2329 Blasii
1273 2266 1399 2348 judicis,
1431 2267 1470 2328 ab
1494 2266 1662 2328 occidente

395 2378 547 2458 habitam,
572 2399 607 2440 ac
632 2379 714 2439 inter
737 2377 899 2438 stabulum
925 2376 1068 2437 eiusdem
1102 2374 1239 2436 condam
1272 2373 1369 2434 Blasii
1396 2372 1510 2452 judicis
1534 2387 1565 2434 et
1588 2392 1661 2453 spa·

394 2486 479 2547 cium
503 2499 585 2547 terre
604 2498 676 2546 ante
699 2485 784 2546 idem
816 2483 977 2544 stabulum
996 2481 1081 2564 juxta
1099 2480 1346 2564 proporcionem
1364 2479 1543 2540 latitudinis
1561 2480 1661 2560 ipsius

393 2593 508 2652 stabuli
535 2592 686 2670 habitam,
712 2604 864 2672 quantam
889 2588 1090 2650 latitudinem
1110 2588 1208 2670 ipsius
1238 2587 1355 2648 stabuli
1380 2599 1526 2666 occupat,
1550 2605 1583 2646 se
1607 2605 1659 2645 ex·

393 2699 538 2777 tendens,
563 2719 580 2758 a
606 2712 693 2780 parte
718 2695 922 2757 meridionali
946 2695 1104 2772 habitum,
1130 2708 1160 2754 et
1182 2693 1264 2754 inter
1288 2693 1421 2754 domum
1447 2705 1605 2753 muratam
1629 2705 1661 2752 et

394 2804 530 2866 fundum
570 2806 701 2865 domine
738 2802 938 2884 Margarethe
963 2801 1073 2862 relicte
1113 2800 1249 2862 condam
1291 2799 1400 2860 Jacobi
1438 2798 1552 2878 judicis
1584 2797 1659 2858 dicti

393 2912 568 2992 Eberspek,
593 2911 633 2972 ab
658 2910 770 2972 eadem
796 2908 1000 2970 meridionali
1026 2921 1114 2989 parte
1138 2907 1244 2984 sitam,
1267 2921 1298 2966 et
1321 2905 1402 2966 inter
1427 2904 1562 2966 domum
1587 2923 1658 2964 mu-

393 3033 493 3078 ratam
519 3029 550 3078 et
574 3015 710 3078 fundum
738 3016 835 3076 Marci
861 3014 1031 3092 venatoris,
1060 3035 1077 3074 a
1102 3026 1191 3095 parte
1221 3011 1397 3073 occidentis
1421 3010 1575 3088 habitam,
1600 3029 1659 3070 nec

393 3142 457 3183 non
483 3123 565 3184 inter
590 3123 669 3182 duas
692 3123 759 3182 vias
780 3141 978 3197 communes,
1013 3139 1151 3182 unama
1183 3119 1411 3200 septemtrione
1436 3131 1467 3179 et
1497 3117 1594 3178 aliam
1619 3118 1658 3178 ab

394 3230 518 3290 oriente
536 3229 677 3290 habitam
696 3243 726 3289 et
743 3229 941 3306 existentem,
959 3228 1038 3288 duas
1062 3227 1165 3287 curias
1188 3242 1219 3288 et
1236 3245 1332 3286 unam
1350 3239 1495 3306 quartam
1515 3224 1601 3285 curie
1618 3223 1658 3284 ad

393 3355 485 3397 usum
511 3335 645 3396 civitatis
670 3333 789 3416 prefate
815 3334 846 3394 in
872 3353 905 3394 se
930 3334 1110 3411 continens,
1132 3333 1260 3394 Thome
1285 3331 1352 3392 lilio
1376 3330 1531 3392 Johannis
1556 3344 1586 3391 et
1601 3331 1656 3391 do-

393 3441 480 3502 mine
494 3441 610 3520 Agneti
625 3460 680 3501 sue
694 3441 845 3518 consorti,
859 3459 978 3520 genero
998 3439 1147 3500 videlicet
1164 3453 1194 3500 et
1207 3437 1271 3498 filie
1290 3437 1389 3519 ipsius
1406 3436 1542 3498 condam
1560 3435 1656 3496 Blasii

393 3547 518 3624 judicis,
543 3561 699 3628 quantum
725 3547 764 3606 ad
789 3565 886 3607 unam
920 3546 1144 3623 medietatem,
1176 3558 1207 3605 et
1232 3543 1361 3625 Mathye
1394 3542 1461 3604 filio
1487 3541 1656 3603 Lodowici

391 3654 538 3715 similiter
562 3673 682 3734 genero
707 3669 738 3714 et
762 3654 892 3714 domine
919 3652 1093 3714 Katherine
1125 3651 1189 3712 filie
1223 3651 1365 3712 eiusdem
1393 3650 1530 3710 condam
1557 3649 1654 3710 Blasii

392 3759 505 3840 judicis
530 3779 586 3840 per
612 3760 881 3820 testamentariam
900 3759 1100 3840 legacionem
1126 3759 1225 3839 ipsius
1257 3757 1395 3818 condam
1421 3755 1515 3816 Blasii
1542 3753 1657 3835 judicis

392 3866 491 3926 literis
523 3866 639 3926 nostris
672 3866 926 3947 privilegialibus
958 3865 1064 3926 eidem
1098 3865 1226 3948 Mathye
1251 3877 1282 3925 et
1314 3863 1445 3924 domine
1480 3861 1655 3922 Katherine

391 3973 532 4032 consorti
557 3989 613 4034 sue
650 3985 804 4052 quantum
830 3972 869 4032 ad
895 3972 991 4032 aliam
1017 3971 1222 4032 medietatem
1245 3969 1393 4030 similiter
1416 3968 1516 4030 literis
1540 3967 1656 4028 nostris

392 4077 648 4158 privilegialibus
672 4079 730 4137 sub
763 4078 913 4158 pendenti
946 4077 1053 4158 sigillo
1082 4076 1321 4138 communitatis
1351 4089 1426 4136 sunt
1456 4072 1601 4135 conlecte
1625 4089 1656 4135 et

392 4197 538 4244 emanare
565 4197 787 4264 perpetuoque
812 4182 1005 4264 possidende
1030 4182 1226 4245 confirmate.

444 4422 525 4492 ltem
554 4415 586 4490 in
616 4421 701 4491 lesto
731 4419 983 4492 Purificacionis
1021 4421 1117 4491 beate
1159 4441 1289 4509 semper
1316 4418 1457 4510 virginis
1487 4418 1599 4490 llario.

913 4579 954 4646 (2.
971 4574 1148 4648 februarii).

497 4715 573 4775 ltem
600 4713 775 4795 Gregorius
801 4714 956 4775 Anthonii
975 4713 1160 4798 Pulyanych
1185 4714 1225 4774 de
1243 4713 1527 4796 Germcharyewo‚
1552 4734 1653 4796 quan·

391 4819 463 4882 dam
489 4833 605 4882 terram
631 4821 786 4880 arabilem
811 4840 902 4881 suam
928 4821 958 4880 in
977 4840 1091 4902 campo
1112 4820 1249 4881 civitatis
1266 4820 1406 4901 predicte
1431 4821 1513 4881 inter
1536 4835 1653 4882 terram

392 4926 476 4987 Galli
505 4927 544 4987 de
576 4928 789 5009 Ztonyewecz
815 4928 968 5006 habitam,
1001 4929 1059 4987 sub
1094 4928 1186 4987 metis
1219 4928 1249 4987 in
1276 4927 1367 4988 litera
1401 4927 1559 4988 contentis
1591 4927 1652 4988 De·

392 5032 505 5092 metrio
530 5045 560 5094 et
585 5033 714 5115 Mathye
738 5032 812 5094 liliis
838 5033 950 5094 Briccii
975 5053 1033 5115 pro
1058 5054 1111 5094 sex
1136 5034 1205 5098 flor.
1231 5033 1300 5094 auri
1324 5033 1470 5095 vendidit
1493 5047 1650 5115 perpetuo
