3854 5798
716 1579 845 1680 (huno
871 1577 1028 1668 Domini
1055 1576 1377 1673 noctuam)

419 1938 508 2014 ltem
533 1939 566 2012 in
588 1961 681 2013 anno
697 1935 842 2012 Domini
870 1937 1058 2012 millesimo
1078 1934 1433 2035 quadringentesimo
1450 1935 1682 2034 sexagesimo

421 2061 593 2161 septimo,
612 2069 777 2160 tempore
793 2060 973 2159 judicatus
993 2059 1094 2160 primi
1120 2058 1259 2134 Thome
1274 2057 1333 2132 filii
1353 2057 1498 2133 Andree
1527 2059 1682 2133 civitatis

420 2193 625 2286 prenotate,
654 2208 804 2284 presens
843 2183 1049 2260 cathamum
1087 2182 1306 2259 estfactum
1336 2181 1491 2258 sabbato
1519 2183 1682 2282 proximo

419 2318 504 2386 aute
524 2309 657 2385 festum
685 2307 952 2384 Purificacionis
976 2308 1086 2383 beate
1108 2305 1220 2382 llarie
1249 2329 1394 2406 semper
1421 2306 1567 2405 virginis
1593 2329 1684 2380 nunc

420 2435 584 2533 proxime
623 2441 829 2520 uenturum,
867 2455 976 2531 super
1021 2431 1285 2530 registracione
1324 2438 1362 2504 et
1403 2430 1684 2528 consignacioue

420 2559 603 2634 literarum
647 2556 917 2657 privilegialium
965 2557 1091 2630 civium
1134 2563 1173 2630 et
1208 2554 1486 2630 inhabitatorum
1528 2553 1684 2628 civitatis

633 2689 836 2782 prenotate,
865 2681 973 2757 modo
1002 2690 1041 2757 et
1070 2682 1194 2757 ordine
1222 2679 1471 2780 infrascriptis.

931 2959 991 3024 (31.
1007 2948 1170 3023 januarii).

528 3087 605 3149 Item
631 3087 718 3168 quod
744 3087 820 3169 quia
844 3088 892 3148 uir
915 3087 1070 3168 providus
1093 3099 1124 3147 et
1152 3086 1304 3148 honestus
1328 3085 1517 3146 Valentinus
1541 3085 1684 3166 agricola

423 3192 567 3253 concivis
592 3205 698 3253 noster
722 3191 807 3253 filius
831 3193 980 3254 uidelicet
999 3191 1356 3274 FrancisciZtoykoych
1376 3191 1452 3252 dicti
1476 3191 1608 3252 devilia
1625 3191 1685 3251 Za·

423 3319 556 3381 wersya,
580 3298 753 3380 quemdam
787 3297 940 3379 (h)ortum
973 3318 1066 3360 suum
1098 3298 1358 3360 condicionalem
1390 3313 1422 3359 et
1445 3297 1626 3358 censualem
1652 3298 1683 3358 in

421 3404 582 3466 territorio
607 3404 689 3466 dicte
715 3404 851 3466 civitatis
875 3419 961 3466 extra
995 3406 1121 3467 Novam
1150 3417 1276 3487 portam
1310 3405 1454 3466 eiusdem
1486 3403 1625 3466 civitatis
1649 3424 1684 3466 ac

422 3511 533 3572 subtus
558 3531 685 3573 murum
710 3511 855 3573 eiusdem
880 3513 1016 3574 civitatis
1037 3527 1068 3573 et
1093 3531 1194 3594 usque
1212 3513 1297 3573 viam
1322 3531 1530 3574 communem
1554 3533 1571 3574 a
1596 3526 1685 3594 parte

423 3619 598 3680 occidentis
622 3618 776 3698 habitam,
793 3620 1004 3701 quadraginta
1023 3621 1053 3680 in
1072 3620 1277 3701 longitudine
1295 3635 1325 3681 et
1337 3620 1538 3702 septuaginta
1557 3620 1685 3682 brachia

423 3723 524 3786 ferrea
548 3725 580 3784 in
605 3725 785 3805 latitudine,
811 3745 877 3806 quo
906 3726 1004 3808 paoni
1038 3742 1274 3805 mensurantur,
1306 3727 1443 3808 provido
1468 3726 1537 3787 viro
1563 3727 1684 3788 lacobo

422 3831 522 3892 sutori
546 3831 664 3891 seniori
689 3830 792 3912 jurato
817 3845 848 3893 et
872 3833 997 3894 concivi
1030 3847 1140 3895 nostro
1172 3831 1240 3894 filio
1273 3833 1423 3894 videlicet
1447 3831 1579 3913 Georgii
1608 3833 1685 3894 Mali

423 3936 499 3997 dicti
524 3936 563 3998 de
589 3935 743 4020 Globolry
759 3937 800 3999 de
816 3939 982 4020 provincia
1001 3939 1149 4021 lwanych
1166 3951 1197 4000 et
1221 3959 1278 4021 pcr
1295 3959 1368 4000 eum
1387 3939 1487 4022 ipsius
1512 3939 1684 4001 heredibus

422 4063 481 4125 pro
505 4057 579 4104 octo
597 4044 703 4124 pensis
720 4043 927 4106 denariorum
941 4046 1176 4108 wiennensium
1193 4044 1339 4107 vendidit
1352 4044 1421 4127 jure
1438 4061 1593 4129 perpetuo
1612 4059 1683 4124 etc,

423 4152 464 4212 ita
490 4166 609 4230 tamen,
633 4152 721 4233 quod
746 4152 813 4235 ipse
838 4155 977 4215 lacobus
1011 4168 1101 4215 sutor
1124 4167 1155 4215 et
1179 4153 1227 4214 sui
1260 4152 1406 4231 heredes,
1431 4153 1592 4234 ceterique
1615 4166 1683 4215 ten-

423 4273 508 4320 tores
532 4258 607 4319 dicti
633 4257 743 4340 (h)orti
768 4259 903 4341 singulis
927 4261 1018 4321 annis
1040 4260 1202 4342 perpetuis
1217 4279 1344 4342 semper
1367 4259 1400 4320 in
1418 4257 1498 4320 festo
1522 4258 1605 4320 beati
1623 4259 1684 4320 Va·

422 4365 535 4426 lentini
561 4365 699 4426 martiris
723 4366 817 4427 nobis
840 4367 960 4427 scilicet
986 4367 1210 4429 communitati
1235 4367 1319 4429 dicte
1343 4366 1480 4428 civitatis
1503 4386 1560 4428 seu
1585 4365 1683 4427 comi-

422 4471 508 4532 tibus
531 4471 647 4534 nostris
673 4472 784 4535 decem
810 4473 959 4536 denarios
984 4474 1111 4534 usuales
1128 4473 1204 4535 dare
1229 4487 1261 4534 ct
1283 4473 1467 4555 persolvere
1490 4473 1684 4535 tenebuntur

422 4591 453 4639 et
476 4593 569 4640 erunt
594 4579 740 4660 obligati,
763 4600 859 4661 super
882 4599 948 4661 quo
972 4581 1063 4641 litera
1088 4593 1195 4640 nostra
1213 4579 1423 4662 privilegialis
1447 4593 1492 4640 est
1515 4579 1574 4639 sibi
1600 4577 1683 4640 data.

528 4685 606 4746 ltem
632 4686 707 4766 quia
732 4686 886 4768 providus
909 4686 958 4747 vir
982 4685 1143 4766 Georgius
1174 4685 1315 4767 agricola
1346 4685 1438 4746 aliter
1466 4685 1556 4745 Jursa
1581 4683 1685 4745 dictus

422 4791 618 4853 inhabitator
641 4793 792 4854 territorii
817 4793 900 4854 dicte
940 4793 1077 4854 civitatis
1101 4790 1186 4853 filius
1210 4792 1336 4854 Nicolai
1361 4791 1400 4851 de
1425 4789 1621 4872 Glawnycza
1644 4789 1685 4851 ad

422 4911 563 4958 nostram
589 4899 800 4979 personaliter
824 4912 894 4976 etc,
920 4898 1081 4980 quandam
1112 4899 1240 4960 vineam
1272 4898 1405 4960 totalem
1429 4915 1567 4957 unacum
1592 4896 1684 4958 totali

422 5015 504 5066 terra
530 5004 636 5065 eidem
661 5005 754 5067 vinee
779 5007 838 5066 sub
863 5020 893 5066 et
925 5006 1082 5088 adjacenti
1116 4996 1155 5067 iu¹
1180 5005 1341 5068 territorio
1373 5005 1456 5065 dicte
1489 5003 1625 5064 civitatis
1649 5022 1684 5064 ac
