3854 5798
406 553 470 632 264
723 605 735 626 ,
962 555 1046 610 Anno
1070 547 1160 628 1467.

406 765 495 846 quod
520 785 553 826 se
578 764 720 847 prelatus
744 765 871 827 Marcus
894 776 1008 845 sponte
1039 763 1196 844 obligavit
1220 781 1328 825 coram
1353 761 1457 840 nobis,
1481 781 1579 844 super
1604 780 1672 843 quo

405 873 479 935 data
504 887 551 936 est
575 873 681 936 eidem
707 873 816 934 Marco
841 873 931 934 litera
956 871 1167 953 privilegialis
1191 870 1275 932 dicte
1299 870 1445 932 civitatis.

511 979 589 1042 Item
613 980 690 1061 quia
714 977 883 1060 Philippus
907 990 996 1040 sutor
1018 977 1160 1040 concivis
1187 991 1295 1039 noster
1318 973 1404 1038 filius
1429 976 1605 1038 Ztanlronis
1629 975 1670 1036 de

407 1085 483 1146 villa
509 1085 730 1148 Chwthrwecz
763 1099 794 1146 et
824 1083 958 1166 provida
991 1083 1108 1146 mulier
1138 1083 1234 1146 Clara
1268 1097 1380 1144 vocata
1414 1081 1671 1164 Trabcheychna

406 1191 491 1254 dicta
515 1211 646 1254 consors
662 1193 762 1274 ipsius
787 1191 928 1274 Philippi
945 1190 1103 1272 legittima
1123 1190 1286 1272 quandam
1305 1190 1439 1251 domum
1457 1209 1545 1251 suam
1571 1188 1669 1250 simul

408 1317 481 1360 curn
508 1296 610 1360 fundo
634 1312 665 1360 et
688 1296 846 1361 hedificiis
863 1297 944 1358 inter
968 1297 1102 1358 domurn
1119 1310 1277 1358 muratam
1303 1317 1338 1358 ac
1363 1294 1500 1357 fundum
1525 1309 1556 1358 et
1581 1295 1672 1358 bedi-

406 1403 478 1466 ficia
502 1404 561 1466 viri
586 1403 711 1486 providi
746 1403 898 1487 Symonis
931 1403 1030 1465 ltalici
1062 1402 1102 1464 de
1135 1402 1294 1482 Veneciis‚
1327 1404 1368 1465 ab
1391 1421 1454 1464 una
1478 1402 1671 1464 videlicets

406 1512 634 1593 septemtrione
654 1525 686 1573 et
702 1511 784 1573 inter
801 1509 933 1571 domum
954 1523 985 1570 et
1009 1507 1145 1570 fundum
1164 1509 1312 1592 Dyonisii
1337 1509 1513 1591 Wodopya
1538 1508 1614 1570 dicti
1640 1523 1672 1570 et

408 1617 585 1703 Elyzabeth
610 1617 754 1679 mulieris
767 1616 924 1678 consortis
940 1635 1007 1694 sue,
1021 1636 1037 1677 a
1052 1615 1257 1679 meridionali
1274 1629 1373 1698 parte,
1391 1630 1421 1677 et
1440 1616 1522 1678 inter
1535 1615 1670 1677 domum

407 1723 545 1786 fornacis
569 1743 690 1806 panum
714 1723 840 1785 Nicolai
866 1723 995 1784 sartoris
1012 1723 1147 1784 senioris
1171 1723 1264 1806 jurati
1293 1736 1324 1784 et
1340 1722 1523 1784 concivium
1548 1737 1657 1784 nostro

408 1849 492 1909 rum,
516 1850 535 1890 a
558 1845 648 1913 parte
671 1829 804 1891 orientis
828 1828 970 1890 habitam
994 1843 1025 1891 et
1054 1829 1254 1908 existentem,
1288 1829 1374 1912 ipsos
1397 1849 1415 1889 a
1439 1828 1578 1910 provido
1602 1829 1672 1889 viro

410 1935 577 1998 Anthonio
595 1937 720 1996 seniore
744 1935 850 2016 judice
867 1934 950 1996 dicte
975 1935 1112 1998 civitatis
1136 1933 1204 1996 filio
1222 1935 1351 1997 Thome
1376 1935 1555 2016 empcionis
1578 1935 1672 1997 titulo

408 2056 667 2120 concernentem,
691 2060 763 2103 curn
790 2040 941 2102 omnibus
965 2040 1108 2102 eiusdem
1134 2040 1261 2120 domus,
1279 2039 1371 2102 fundi
1393 2055 1425 2102 et
1448 2039 1673 2103 hedificiorum

410 2147 603 2210 utilitatibus
626 2159 696 2226 etc.,
721 2147 790 2208 viro
815 2147 951 2228 provido
969 2159 1000 2208 et
1020 2145 1157 2209 honesto
1176 2147 1269 2208 Petro
1295 2147 1413 2228 Sporar
1437 2145 1535 2226 dicto,
1560 2161 1595 2208 ut
1610 2147 1672 2230 jatn

409 2274 495 2316 novo
519 2253 644 2314 concivi
669 2265 790 2332 nostro,
814 2273 849 2316 ac
875 2272 930 2334 per
955 2272 1029 2314 eum
1053 2253 1119 2314 suis
1148 2252 1320 2314 heredibus
1344 2273 1402 2335 pro
1427 2253 1672 2334 quatuordecim

407 2358 478 2422 flor.
502 2360 570 2421 auri
595 2360 627 2419 in
652 2371 844 2440 perpetuum
877 2357 1106 2436 vendidissent,
1140 2361 1181 2420 ita
1205 2373 1324 2439 tamen,
1357 2360 1446 2441 quod
1475 2360 1585 2422 cloaca
1617 2379 1674 2422 seu

409 2465 532 2547 privata
557 2477 641 2526 retro
665 2483 722 2525 seu
746 2483 763 2524 a
788 2477 877 2546 parte
902 2464 1071 2546 posteriori
1094 2465 1178 2526 dicte
1203 2479 1327 2527 murate
1352 2465 1469 2527 domus
1493 2466 1593 2548 ipsius
1617 2465 1676 2548 Sy·

410 2571 516 2632 monis
540 2570 639 2631 ltalici
664 2569 772 2631 habita
797 2568 920 2650 prelato
945 2569 1039 2632 Petro
1063 2571 1181 2652 Sporar
1205 2585 1236 2634 et
1260 2572 1360 2654 ipsius
1384 2571 1558 2634 heredibus
1583 2573 1675 2634 sicuti

409 2677 470 2758 ipsi
495 2675 629 2758 Symoni
655 2675 764 2737 Italico
783 2695 857 2736 curn
882 2675 1015 2738 introitu
1038 2690 1070 2738 et
1086 2678 1172 2739 exitu
1196 2678 1262 2739 suis
1283 2697 1410 2760 semper
1434 2678 1535 2740 libera
1561 2679 1677 2740 debeat

410 2802 478 2845 esse
502 2796 533 2845 et
564 2801 685 2862 secura,
718 2783 757 2844 ad
790 2782 879 2864 quod
915 2783 989 2844 data
1019 2798 1066 2845 est
1096 2785 1201 2847 eidem
1235 2785 1326 2847 litera
1357 2784 1568 2868 privilegialis
1592 2785 1677 2848 dicte

410 2887 546 2950 civitatis
571 2887 670 2949 modo
695 2902 726 2948 et
750 2885 854 2949 forma
885 2888 1104 2971 intrascriptis.
