<?xml version="1.0" encoding="UTF-8"?>
<!DOCTYPE html PUBLIC "-//W3C//DTD XHTML 1.0 Transitional//EN"
    "http://www.w3.org/TR/xhtml1/DTD/xhtml1-transitional.dtd">
<html xmlns="http://www.w3.org/1999/xhtml" xml:lang="en" lang="en">
 <head>
  <title>
</title>
<meta http-equiv="Content-Type" content="text/html;charset=utf-8" />
  <meta name='ocr-system' content='tesseract 3.04.00' />
  <meta name='ocr-capabilities' content='ocr_page ocr_carea ocr_par ocr_line ocrx_word'/>
</head>
<body>
  <div class='ocr_page' id='page_1' title='image "./monumentahistor21laszgoog_0272.png"; bbox 0 0 3854 5798; ppageno 0'>
   <div class='ocr_carea' id='block_1_1' title="bbox 388 777 1661 5206">
    <p class='ocr_par' dir='ltr' id='par_1_1' title="bbox 393 777 1661 3624">
     <span class='ocr_line' id='line_1_1' title="bbox 396 777 1661 861; baseline 0.005 -25"><span class='ocrx_word' id='word_1_1' title='bbox 396 777 567 858; x_wconf 80' lang='lat' dir='ltr'>integrales</span> <span class='ocrx_word' id='word_1_2' title='bbox 590 779 630 838; x_wconf 91' lang='lat' dir='ltr'>ad</span> <span class='ocrx_word' id='word_1_3' title='bbox 656 798 747 840; x_wconf 86' lang='lat' dir='ltr'>usum</span> <span class='ocrx_word' id='word_1_4' title='bbox 774 777 894 860; x_wconf 86' lang='lat' dir='ltr'>prefate</span> <span class='ocrx_word' id='word_1_5' title='bbox 919 779 1055 840; x_wconf 88' lang='lat' dir='ltr'>civitatis</span> <span class='ocrx_word' id='word_1_6' title='bbox 1080 780 1111 839; x_wconf 89' lang='lat' dir='ltr'>in</span> <span class='ocrx_word' id='word_1_7' title='bbox 1137 800 1169 840; x_wconf 92' lang='lat' dir='ltr'>se</span> <span class='ocrx_word' id='word_1_8' title='bbox 1193 795 1228 841; x_wconf 93' lang='lat' dir='ltr'>ut</span> <span class='ocrx_word' id='word_1_9' title='bbox 1256 780 1430 861; x_wconf 81' lang='lat' dir='ltr'>predicitur</span> <span class='ocrx_word' id='word_1_10' title='bbox 1454 782 1661 843; x_wconf 85' lang='lat' dir='ltr'>continentes</span> 
     </span>
     <span class='ocr_line' id='line_1_2' title="bbox 395 885 1658 969; baseline 0.006 -26"><span class='ocrx_word' id='word_1_11' title='bbox 395 899 425 944; x_wconf 90' lang='lat' dir='ltr'>et</span> <span class='ocrx_word' id='word_1_12' title='bbox 442 885 574 965; x_wconf 88' lang='lat' dir='ltr'>predicti</span> <span class='ocrx_word' id='word_1_13' title='bbox 600 885 707 966; x_wconf 89' lang='lat' dir='ltr'>(h)orti</span> <span class='ocrx_word' id='word_1_14' title='bbox 733 906 768 946; x_wconf 91' lang='lat' dir='ltr'>ac</span> <span class='ocrx_word' id='word_1_15' title='bbox 793 887 892 966; x_wconf 90' lang='lat' dir='ltr'>ipsius</span> <span class='ocrx_word' id='word_1_16' title='bbox 916 887 1008 948; x_wconf 89' lang='lat' dir='ltr'>vinee</span> <span class='ocrx_word' id='word_1_17' title='bbox 1029 887 1341 968; x_wconf 77' lang='lat' dir='ltr'>Poredychetvscbalc</span> <span class='ocrx_word' id='word_1_18' title='bbox 1360 904 1393 948; x_wconf 89' lang='lat' dir='ltr'>ut</span> <span class='ocrx_word' id='word_1_19' title='bbox 1413 889 1587 969; x_wconf 90' lang='lat' dir='ltr'>predicitur</span> <span class='ocrx_word' id='word_1_20' title='bbox 1603 909 1658 950; x_wconf 95' lang='lat' dir='ltr'>vo·</span> 
     </span>
     <span class='ocr_line' id='line_1_3' title="bbox 397 992 1655 1075; baseline 0.006 -25"><span class='ocrx_word' id='word_1_21' title='bbox 397 1004 464 1050; x_wconf 89' lang='lat' dir='ltr'>cate</span> <span class='ocrx_word' id='word_1_22' title='bbox 488 1006 519 1052; x_wconf 93' lang='lat' dir='ltr'>et</span> <span class='ocrx_word' id='word_1_23' title='bbox 543 992 700 1053; x_wconf 90' lang='lat' dir='ltr'>dictarum</span> <span class='ocrx_word' id='word_1_24' title='bbox 726 993 861 1054; x_wconf 88' lang='lat' dir='ltr'>duarum</span> <span class='ocrx_word' id='word_1_25' title='bbox 888 994 1041 1054; x_wconf 90' lang='lat' dir='ltr'>silvarum</span> <span class='ocrx_word' id='word_1_26' title='bbox 1071 995 1272 1072; x_wconf 83' lang='lat' dir='ltr'>utilitatibus,</span> <span class='ocrx_word' id='word_1_27' title='bbox 1305 995 1438 1075; x_wconf 81' lang='lat' dir='ltr'>juribus,</span> <span class='ocrx_word' id='word_1_28' title='bbox 1464 997 1584 1074; x_wconf 89' lang='lat' dir='ltr'>usibus,</span> <span class='ocrx_word' id='word_1_29' title='bbox 1609 997 1655 1057; x_wconf 94' lang='lat' dir='ltr'>in·</span> 
     </span>
     <span class='ocr_line' id='line_1_4' title="bbox 395 1097 1657 1183; baseline 0.004 -25"><span class='ocrx_word' id='word_1_30' title='bbox 395 1097 597 1176; x_wconf 82' lang='lat' dir='ltr'>tegritatibus</span> <span class='ocrx_word' id='word_1_31' title='bbox 621 1112 651 1160; x_wconf 93' lang='lat' dir='ltr'>et</span> <span class='ocrx_word' id='word_1_32' title='bbox 675 1099 881 1180; x_wconf 84' lang='lat' dir='ltr'>pertinenciis</span> <span class='ocrx_word' id='word_1_33' title='bbox 912 1099 1069 1160; x_wconf 90' lang='lat' dir='ltr'>universis</span> <span class='ocrx_word' id='word_1_34' title='bbox 1102 1100 1171 1160; x_wconf 91' lang='lat' dir='ltr'>viro</span> <span class='ocrx_word' id='word_1_35' title='bbox 1195 1101 1343 1162; x_wconf 91' lang='lat' dir='ltr'>similiter</span> <span class='ocrx_word' id='word_1_36' title='bbox 1375 1103 1512 1183; x_wconf 92' lang='lat' dir='ltr'>provido</span> <span class='ocrx_word' id='word_1_37' title='bbox 1537 1117 1568 1164; x_wconf 91' lang='lat' dir='ltr'>et</span> <span class='ocrx_word' id='word_1_38' title='bbox 1599 1104 1657 1164; x_wconf 93' lang='lat' dir='ltr'>cir·</span> 
     </span>
     <span class='ocr_line' id='line_1_5' title="bbox 396 1203 1658 1286; baseline 0.006 -23"><span class='ocrx_word' id='word_1_39' title='bbox 396 1217 581 1285; x_wconf 89' lang='lat' dir='ltr'>cumspecto</span> <span class='ocrx_word' id='word_1_40' title='bbox 605 1203 772 1265; x_wconf 86' lang='lat' dir='ltr'>Anthonio</span> <span class='ocrx_word' id='word_1_41' title='bbox 796 1204 914 1265; x_wconf 89' lang='lat' dir='ltr'>seniori</span> <span class='ocrx_word' id='word_1_42' title='bbox 940 1205 1036 1286; x_wconf 87' lang='lat' dir='ltr'>judici</span> <span class='ocrx_word' id='word_1_43' title='bbox 1070 1221 1100 1266; x_wconf 91' lang='lat' dir='ltr'>et</span> <span class='ocrx_word' id='word_1_44' title='bbox 1124 1207 1248 1268; x_wconf 90' lang='lat' dir='ltr'>concivi</span> <span class='ocrx_word' id='word_1_45' title='bbox 1281 1223 1391 1268; x_wconf 89' lang='lat' dir='ltr'>nostro</span> <span class='ocrx_word' id='word_1_46' title='bbox 1415 1207 1482 1269; x_wconf 90' lang='lat' dir='ltr'>filio</span> <span class='ocrx_word' id='word_1_47' title='bbox 1507 1209 1658 1271; x_wconf 91' lang='lat' dir='ltr'>videlicet</span> 
     </span>
     <span class='ocr_line' id='line_1_6' title="bbox 397 1307 1660 1397; baseline 0.006 -29"><span class='ocrx_word' id='word_1_48' title='bbox 397 1307 524 1369; x_wconf 90' lang='lat' dir='ltr'>Thome</span> <span class='ocrx_word' id='word_1_49' title='bbox 549 1329 585 1370; x_wconf 91' lang='lat' dir='ltr'>ac</span> <span class='ocrx_word' id='word_1_50' title='bbox 608 1329 665 1391; x_wconf 90' lang='lat' dir='ltr'>per</span> <span class='ocrx_word' id='word_1_51' title='bbox 690 1329 763 1372; x_wconf 93' lang='lat' dir='ltr'>eum</span> <span class='ocrx_word' id='word_1_52' title='bbox 787 1312 852 1371; x_wconf 91' lang='lat' dir='ltr'>suis</span> <span class='ocrx_word' id='word_1_53' title='bbox 875 1309 1049 1372; x_wconf 86' lang='lat' dir='ltr'>heredibus</span> <span class='ocrx_word' id='word_1_54' title='bbox 1069 1331 1126 1393; x_wconf 91' lang='lat' dir='ltr'>pro</span> <span class='ocrx_word' id='word_1_55' title='bbox 1143 1313 1306 1393; x_wconf 83' lang='lat' dir='ltr'>sexaginta</span> <span class='ocrx_word' id='word_1_56' title='bbox 1323 1328 1397 1374; x_wconf 90' lang='lat' dir='ltr'>octo</span> <span class='ocrx_word' id='word_1_57' title='bbox 1421 1313 1489 1376; x_wconf 90' lang='lat' dir='ltr'>flor.</span> <span class='ocrx_word' id='word_1_58' title='bbox 1515 1316 1587 1375; x_wconf 90' lang='lat' dir='ltr'>auri</span> <span class='ocrx_word' id='word_1_59' title='bbox 1604 1335 1660 1397; x_wconf 93' lang='lat' dir='ltr'>per</span> 
     </span>
     <span class='ocr_line' id='line_1_7' title="bbox 398 1414 1658 1502; baseline 0.006 -28"><span class='ocrx_word' id='word_1_60' title='bbox 398 1414 536 1476; x_wconf 86' lang='lat' dir='ltr'>eundem</span> <span class='ocrx_word' id='word_1_61' title='bbox 561 1415 760 1478; x_wconf 81' lang='lat' dir='ltr'>Anthonium</span> <span class='ocrx_word' id='word_1_62' title='bbox 786 1416 924 1496; x_wconf 84' lang='lat' dir='ltr'>judicem</span> <span class='ocrx_word' id='word_1_63' title='bbox 949 1415 1072 1498; x_wconf 85' lang='lat' dir='ltr'>prefato</span> <span class='ocrx_word' id='word_1_64' title='bbox 1095 1417 1258 1499; x_wconf 89' lang='lat' dir='ltr'>Stephano</span> <span class='ocrx_word' id='word_1_65' title='bbox 1285 1419 1440 1500; x_wconf 88' lang='lat' dir='ltr'>Hungaro</span> <span class='ocrx_word' id='word_1_66' title='bbox 1465 1435 1560 1502; x_wconf 88' lang='lat' dir='ltr'>prout</span> <span class='ocrx_word' id='word_1_67' title='bbox 1578 1422 1658 1502; x_wconf 92' lang='lat' dir='ltr'>ipse·</span> 
     </span>
     <span class='ocr_line' id='line_1_8' title="bbox 395 1522 1655 1606; baseline 0.006 -24"><span class='ocrx_word' id='word_1_68' title='bbox 395 1536 460 1583; x_wconf 91' lang='lat' dir='ltr'>met</span> <span class='ocrx_word' id='word_1_69' title='bbox 484 1523 576 1583; x_wconf 90' lang='lat' dir='ltr'>nobis</span> <span class='ocrx_word' id='word_1_70' title='bbox 601 1523 710 1584; x_wconf 91' lang='lat' dir='ltr'>retulit</span> <span class='ocrx_word' id='word_1_71' title='bbox 734 1522 795 1602; x_wconf 89' lang='lat' dir='ltr'>jam</span> <span class='ocrx_word' id='word_1_72' title='bbox 822 1523 916 1604; x_wconf 89' lang='lat' dir='ltr'>plene</span> <span class='ocrx_word' id='word_1_73' title='bbox 941 1523 1023 1585; x_wconf 90' lang='lat' dir='ltr'>datis</span> <span class='ocrx_word' id='word_1_74' title='bbox 1047 1538 1078 1586; x_wconf 91' lang='lat' dir='ltr'>et</span> <span class='ocrx_word' id='word_1_75' title='bbox 1095 1525 1265 1606; x_wconf 87' lang='lat' dir='ltr'>persolutis</span> <span class='ocrx_word' id='word_1_76' title='bbox 1290 1526 1505 1604; x_wconf 91' lang='lat' dir='ltr'>vendidisset;</span> <span class='ocrx_word' id='word_1_77' title='bbox 1530 1543 1655 1590; x_wconf 91' lang='lat' dir='ltr'>etcum</span> 
     </span>
     <span class='ocr_line' id='line_1_9' title="bbox 395 1629 1658 1714; baseline 0.007 -27"><span class='ocrx_word' id='word_1_78' title='bbox 395 1629 601 1710; x_wconf 90' lang='lat' dir='ltr'>prescriptam</span> <span class='ocrx_word' id='word_1_79' title='bbox 635 1629 768 1692; x_wconf 91' lang='lat' dir='ltr'>domum</span> <span class='ocrx_word' id='word_1_80' title='bbox 801 1643 958 1690; x_wconf 90' lang='lat' dir='ltr'>muratam</span> <span class='ocrx_word' id='word_1_81' title='bbox 996 1650 1069 1691; x_wconf 91' lang='lat' dir='ltr'>cum</span> <span class='ocrx_word' id='word_1_82' title='bbox 1101 1632 1166 1691; x_wconf 88' lang='lat' dir='ltr'>suis</span> <span class='ocrx_word' id='word_1_83' title='bbox 1206 1632 1327 1692; x_wconf 88' lang='lat' dir='ltr'>cunctis</span> <span class='ocrx_word' id='word_1_84' title='bbox 1367 1634 1591 1714; x_wconf 82' lang='lat' dir='ltr'>pertinenciis,</span> <span class='ocrx_word' id='word_1_85' title='bbox 1622 1655 1658 1696; x_wconf 90' lang='lat' dir='ltr'>ac</span> 
     </span>
     <span class='ocr_line' id='line_1_10' title="bbox 395 1732 1656 1818; baseline 0.006 -26"><span class='ocrx_word' id='word_1_86' title='bbox 395 1732 559 1812; x_wconf 84' lang='lat' dir='ltr'>(h)ortunt,</span> <span class='ocrx_word' id='word_1_87' title='bbox 576 1733 686 1794; x_wconf 90' lang='lat' dir='ltr'>vineas</span> <span class='ocrx_word' id='word_1_88' title='bbox 704 1749 734 1795; x_wconf 92' lang='lat' dir='ltr'>et</span> <span class='ocrx_word' id='word_1_89' title='bbox 758 1735 853 1794; x_wconf 89' lang='lat' dir='ltr'>silvas</span> <span class='ocrx_word' id='word_1_90' title='bbox 870 1735 1027 1816; x_wconf 89' lang='lat' dir='ltr'>predictas</span> <span class='ocrx_word' id='word_1_91' title='bbox 1045 1737 1111 1818; x_wconf 90' lang='lat' dir='ltr'>ipse</span> <span class='ocrx_word' id='word_1_92' title='bbox 1130 1735 1312 1818; x_wconf 82' lang='lat' dir='ltr'>Stephanus</span> <span class='ocrx_word' id='word_1_93' title='bbox 1330 1737 1503 1818; x_wconf 87' lang='lat' dir='ltr'>Hungarus</span> <span class='ocrx_word' id='word_1_94' title='bbox 1519 1741 1656 1800; x_wconf 91' lang='lat' dir='ltr'>auctori·</span> 
     </span>
     <span class='ocr_line' id='line_1_11' title="bbox 395 1837 1657 1925; baseline 0.006 -27"><span class='ocrx_word' id='word_1_95' title='bbox 395 1851 458 1898; x_wconf 89' lang='lat' dir='ltr'>tate</span> <span class='ocrx_word' id='word_1_96' title='bbox 483 1853 514 1900; x_wconf 93' lang='lat' dir='ltr'>et</span> <span class='ocrx_word' id='word_1_97' title='bbox 536 1837 685 1900; x_wconf 79' lang='lat' dir='ltr'>facultate</span> <span class='ocrx_word' id='word_1_98' title='bbox 710 1840 892 1922; x_wconf 90' lang='lat' dir='ltr'>supradicta</span> <span class='ocrx_word' id='word_1_99' title='bbox 924 1842 983 1902; x_wconf 92' lang='lat' dir='ltr'>sibi</span> <span class='ocrx_word' id='word_1_100' title='bbox 1017 1842 1168 1902; x_wconf 89' lang='lat' dir='ltr'>attributa</span> <span class='ocrx_word' id='word_1_101' title='bbox 1202 1841 1326 1922; x_wconf 88' lang='lat' dir='ltr'>prefato</span> <span class='ocrx_word' id='word_1_102' title='bbox 1358 1844 1524 1906; x_wconf 85' lang='lat' dir='ltr'>Anthonio</span> <span class='ocrx_word' id='word_1_103' title='bbox 1558 1845 1657 1925; x_wconf 78' lang='lat' dir='ltr'>judici</span> 
     </span>
     <span class='ocr_line' id='line_1_12' title="bbox 395 1945 1657 2034; baseline 0.005 -28"><span class='ocrx_word' id='word_1_104' title='bbox 395 1963 453 2026; x_wconf 91' lang='lat' dir='ltr'>pro</span> <span class='ocrx_word' id='word_1_105' title='bbox 478 1947 627 2026; x_wconf 90' lang='lat' dir='ltr'>pretactis</span> <span class='ocrx_word' id='word_1_106' title='bbox 650 1947 813 2027; x_wconf 84' lang='lat' dir='ltr'>sexaginta</span> <span class='ocrx_word' id='word_1_107' title='bbox 839 1959 912 2008; x_wconf 89' lang='lat' dir='ltr'>octo</span> <span class='ocrx_word' id='word_1_108' title='bbox 937 1945 1005 2008; x_wconf 89' lang='lat' dir='ltr'>flor.</span> <span class='ocrx_word' id='word_1_109' title='bbox 1031 1949 1099 2008; x_wconf 91' lang='lat' dir='ltr'>auri</span> <span class='ocrx_word' id='word_1_110' title='bbox 1125 1949 1332 2026; x_wconf 85' lang='lat' dir='ltr'>vendidisset,</span> <span class='ocrx_word' id='word_1_111' title='bbox 1356 1963 1433 2011; x_wconf 93' lang='lat' dir='ltr'>tunc</span> <span class='ocrx_word' id='word_1_112' title='bbox 1458 1951 1562 2012; x_wconf 89' lang='lat' dir='ltr'>adhuc</span> <span class='ocrx_word' id='word_1_113' title='bbox 1586 1971 1657 2034; x_wconf 91' lang='lat' dir='ltr'>pre·</span> 
     </span>
     <span class='ocr_line' id='line_1_13' title="bbox 395 2048 1658 2137; baseline 0.006 -27"><span class='ocrx_word' id='word_1_114' title='bbox 395 2048 458 2113; x_wconf 89' lang='lat' dir='ltr'>fate</span> <span class='ocrx_word' id='word_1_115' title='bbox 483 2051 614 2112; x_wconf 90' lang='lat' dir='ltr'>domine</span> <span class='ocrx_word' id='word_1_116' title='bbox 639 2052 777 2113; x_wconf 85' lang='lat' dir='ltr'>Barbare</span> <span class='ocrx_word' id='word_1_117' title='bbox 802 2053 943 2114; x_wconf 91' lang='lat' dir='ltr'>consorti</span> <span class='ocrx_word' id='word_1_118' title='bbox 977 2051 1077 2134; x_wconf 91' lang='lat' dir='ltr'>ipsius</span> <span class='ocrx_word' id='word_1_119' title='bbox 1103 2053 1321 2116; x_wconf 76' lang='lat' dir='ltr'>bartholomei</span> <span class='ocrx_word' id='word_1_120' title='bbox 1355 2054 1485 2137; x_wconf 89' lang='lat' dir='ltr'>Gaydar</span> <span class='ocrx_word' id='word_1_121' title='bbox 1509 2056 1548 2116; x_wconf 88' lang='lat' dir='ltr'>ad</span> <span class='ocrx_word' id='word_1_122' title='bbox 1574 2058 1658 2118; x_wconf 92' lang='lat' dir='ltr'>redi-</span> 
     </span>
     <span class='ocr_line' id='line_1_14' title="bbox 395 2158 1658 2244; baseline 0.002 -25"><span class='ocrx_word' id='word_1_123' title='bbox 395 2158 546 2219; x_wconf 87' lang='lat' dir='ltr'>mendam</span> <span class='ocrx_word' id='word_1_124' title='bbox 571 2159 787 2240; x_wconf 87' lang='lat' dir='ltr'>supradictam</span> <span class='ocrx_word' id='word_1_125' title='bbox 813 2159 946 2220; x_wconf 91' lang='lat' dir='ltr'>domum</span> <span class='ocrx_word' id='word_1_126' title='bbox 966 2179 1037 2220; x_wconf 90' lang='lat' dir='ltr'>cum</span> <span class='ocrx_word' id='word_1_127' title='bbox 1063 2160 1128 2220; x_wconf 87' lang='lat' dir='ltr'>suis</span> <span class='ocrx_word' id='word_1_128' title='bbox 1145 2161 1362 2241; x_wconf 88' lang='lat' dir='ltr'>pertinenciis,</span> <span class='ocrx_word' id='word_1_129' title='bbox 1385 2181 1445 2223; x_wconf 91' lang='lat' dir='ltr'>nec</span> <span class='ocrx_word' id='word_1_130' title='bbox 1470 2182 1535 2224; x_wconf 92' lang='lat' dir='ltr'>non</span> <span class='ocrx_word' id='word_1_131' title='bbox 1560 2162 1658 2244; x_wconf 86' lang='lat' dir='ltr'>(h)or-</span> 
     </span>
     <span class='ocr_line' id='line_1_15' title="bbox 396 2263 1657 2350; baseline 0.002 -24"><span class='ocrx_word' id='word_1_132' title='bbox 396 2279 475 2343; x_wconf 91' lang='lat' dir='ltr'>tum,</span> <span class='ocrx_word' id='word_1_133' title='bbox 499 2265 626 2326; x_wconf 90' lang='lat' dir='ltr'>vineam</span> <span class='ocrx_word' id='word_1_134' title='bbox 652 2279 683 2327; x_wconf 93' lang='lat' dir='ltr'>et</span> <span class='ocrx_word' id='word_1_135' title='bbox 706 2265 802 2326; x_wconf 88' lang='lat' dir='ltr'>silvas</span> <span class='ocrx_word' id='word_1_136' title='bbox 834 2263 1029 2326; x_wconf 83' lang='lat' dir='ltr'>sufficientes</span> <span class='ocrx_word' id='word_1_137' title='bbox 1066 2265 1128 2346; x_wconf 86' lang='lat' dir='ltr'>jam</span> <span class='ocrx_word' id='word_1_138' title='bbox 1161 2266 1263 2327; x_wconf 90' lang='lat' dir='ltr'>dictos</span> <span class='ocrx_word' id='word_1_139' title='bbox 1296 2268 1450 2328; x_wconf 87' lang='lat' dir='ltr'>terminos</span> <span class='ocrx_word' id='word_1_140' title='bbox 1478 2268 1563 2348; x_wconf 90' lang='lat' dir='ltr'>juxta</span> <span class='ocrx_word' id='word_1_141' title='bbox 1588 2289 1657 2350; x_wconf 91' lang='lat' dir='ltr'>pre·</span> 
     </span>
     <span class='ocr_line' id='line_1_16' title="bbox 395 2370 1658 2456; baseline 0.004 -26"><span class='ocrx_word' id='word_1_142' title='bbox 395 2371 512 2432; x_wconf 91' lang='lat' dir='ltr'>dictam</span> <span class='ocrx_word' id='word_1_143' title='bbox 537 2370 640 2450; x_wconf 83' lang='lat' dir='ltr'>legem</span> <span class='ocrx_word' id='word_1_144' title='bbox 667 2371 980 2432; x_wconf 89' lang='lat' dir='ltr'>consvetudinariam</span> <span class='ocrx_word' id='word_1_145' title='bbox 999 2373 1135 2432; x_wconf 89' lang='lat' dir='ltr'>civitatis</span> <span class='ocrx_word' id='word_1_146' title='bbox 1152 2387 1317 2452; x_wconf 88' lang='lat' dir='ltr'>prenotate</span> <span class='ocrx_word' id='word_1_147' title='bbox 1340 2373 1532 2435; x_wconf 90' lang='lat' dir='ltr'>duxeramus</span> <span class='ocrx_word' id='word_1_148' title='bbox 1556 2375 1658 2456; x_wconf 92' lang='lat' dir='ltr'>depu-</span> 
     </span>
     <span class='ocr_line' id='line_1_17' title="bbox 393 2477 1653 2561; baseline 0.002 -23"><span class='ocrx_word' id='word_1_149' title='bbox 393 2477 507 2538; x_wconf 88' lang='lat' dir='ltr'>tandos</span> <span class='ocrx_word' id='word_1_150' title='bbox 530 2491 560 2537; x_wconf 91' lang='lat' dir='ltr'>et</span> <span class='ocrx_word' id='word_1_151' title='bbox 584 2477 802 2558; x_wconf 87' lang='lat' dir='ltr'>assignandos.</span> <span class='ocrx_word' id='word_1_152' title='bbox 823 2478 862 2538; x_wconf 87' lang='lat' dir='ltr'>Et</span> <span class='ocrx_word' id='word_1_153' title='bbox 886 2478 961 2558; x_wconf 91' lang='lat' dir='ltr'>quia</span> <span class='ocrx_word' id='word_1_154' title='bbox 979 2478 1054 2558; x_wconf 91' lang='lat' dir='ltr'>ipsis</span> <span class='ocrx_word' id='word_1_155' title='bbox 1078 2479 1229 2539; x_wconf 91' lang='lat' dir='ltr'>omnihus</span> <span class='ocrx_word' id='word_1_156' title='bbox 1246 2479 1392 2540; x_wconf 86' lang='lat' dir='ltr'>terminis</span> <span class='ocrx_word' id='word_1_157' title='bbox 1416 2481 1653 2561; x_wconf 86' lang='lat' dir='ltr'>redempcionis</span> 
     </span>
     <span class='ocr_line' id='line_1_18' title="bbox 393 2583 1654 2667; baseline 0.002 -22"><span class='ocrx_word' id='word_1_158' title='bbox 393 2584 535 2666; x_wconf 88' lang='lat' dir='ltr'>juridicis</span> <span class='ocrx_word' id='word_1_159' title='bbox 568 2585 776 2666; x_wconf 89' lang='lat' dir='ltr'>inredemptis</span> <span class='ocrx_word' id='word_1_160' title='bbox 808 2585 967 2666; x_wconf 89' lang='lat' dir='ltr'>expiratis,</span> <span class='ocrx_word' id='word_1_161' title='bbox 1000 2583 1119 2665; x_wconf 85' lang='lat' dir='ltr'>prelata</span> <span class='ocrx_word' id='word_1_162' title='bbox 1152 2585 1284 2646; x_wconf 90' lang='lat' dir='ltr'>domina</span> <span class='ocrx_word' id='word_1_163' title='bbox 1315 2585 1453 2647; x_wconf 88' lang='lat' dir='ltr'>Barbara</span> <span class='ocrx_word' id='word_1_164' title='bbox 1497 2586 1654 2667; x_wconf 90' lang='lat' dir='ltr'>predictas</span> 
     </span>
     <span class='ocr_line' id='line_1_19' title="bbox 394 2689 1656 2775; baseline 0.002 -25"><span class='ocrx_word' id='word_1_165' title='bbox 394 2691 509 2751; x_wconf 93' lang='lat' dir='ltr'>domos</span> <span class='ocrx_word' id='word_1_166' title='bbox 533 2710 605 2751; x_wconf 90' lang='lat' dir='ltr'>suas</span> <span class='ocrx_word' id='word_1_167' title='bbox 630 2704 781 2768; x_wconf 89' lang='lat' dir='ltr'>muratas,</span> <span class='ocrx_word' id='word_1_168' title='bbox 806 2689 970 2771; x_wconf 74' lang='lat' dir='ltr'>(h)ortum,</span> <span class='ocrx_word' id='word_1_169' title='bbox 997 2692 1134 2768; x_wconf 89' lang='lat' dir='ltr'>vineam,</span> <span class='ocrx_word' id='word_1_170' title='bbox 1159 2691 1254 2752; x_wconf 91' lang='lat' dir='ltr'>silvas</span> <span class='ocrx_word' id='word_1_171' title='bbox 1279 2693 1476 2773; x_wconf 87' lang='lat' dir='ltr'>supradictas</span> <span class='ocrx_word' id='word_1_172' title='bbox 1500 2713 1559 2773; x_wconf 89' lang='lat' dir='ltr'>pro</span> <span class='ocrx_word' id='word_1_173' title='bbox 1585 2713 1656 2775; x_wconf 90' lang='lat' dir='ltr'>pre·</span> 
     </span>
     <span class='ocr_line' id='line_1_20' title="bbox 394 2796 1656 2880; baseline 0.004 -25"><span class='ocrx_word' id='word_1_174' title='bbox 394 2797 486 2856; x_wconf 88' lang='lat' dir='ltr'>dictis</span> <span class='ocrx_word' id='word_1_175' title='bbox 510 2798 671 2877; x_wconf 83' lang='lat' dir='ltr'>sexaginta</span> <span class='ocrx_word' id='word_1_176' title='bbox 696 2810 769 2857; x_wconf 91' lang='lat' dir='ltr'>octo</span> <span class='ocrx_word' id='word_1_177' title='bbox 794 2796 863 2860; x_wconf 88' lang='lat' dir='ltr'>flor.</span> <span class='ocrx_word' id='word_1_178' title='bbox 889 2799 957 2858; x_wconf 90' lang='lat' dir='ltr'>auri</span> <span class='ocrx_word' id='word_1_179' title='bbox 976 2799 1103 2879; x_wconf 90' lang='lat' dir='ltr'>penitus</span> <span class='ocrx_word' id='word_1_180' title='bbox 1128 2797 1285 2860; x_wconf 88' lang='lat' dir='ltr'>redimere</span> <span class='ocrx_word' id='word_1_181' title='bbox 1314 2819 1377 2860; x_wconf 90' lang='lat' dir='ltr'>non</span> <span class='ocrx_word' id='word_1_182' title='bbox 1404 2799 1526 2860; x_wconf 91' lang='lat' dir='ltr'>curavit</span> <span class='ocrx_word' id='word_1_183' title='bbox 1549 2819 1656 2880; x_wconf 90' lang='lat' dir='ltr'>neque</span> 
     </span>
     <span class='ocr_line' id='line_1_21' title="bbox 393 2903 1658 2986; baseline 0.004 -23"><span class='ocrx_word' id='word_1_184' title='bbox 393 2903 507 2982; x_wconf 93' lang='lat' dir='ltr'>voluit,</span> <span class='ocrx_word' id='word_1_185' title='bbox 533 2904 673 2985; x_wconf 90' lang='lat' dir='ltr'>ideoque</span> <span class='ocrx_word' id='word_1_186' title='bbox 698 2924 756 2966; x_wconf 93' lang='lat' dir='ltr'>nos</span> <span class='ocrx_word' id='word_1_187' title='bbox 784 2905 959 2986; x_wconf 89' lang='lat' dir='ltr'>predictam</span> <span class='ocrx_word' id='word_1_188' title='bbox 994 2907 1129 2966; x_wconf 90' lang='lat' dir='ltr'>domum</span> <span class='ocrx_word' id='word_1_189' title='bbox 1161 2921 1318 2967; x_wconf 90' lang='lat' dir='ltr'>muratam</span> <span class='ocrx_word' id='word_1_190' title='bbox 1352 2927 1423 2968; x_wconf 90' lang='lat' dir='ltr'>cum</span> <span class='ocrx_word' id='word_1_191' title='bbox 1449 2907 1571 2969; x_wconf 88' lang='lat' dir='ltr'>cunctis</span> <span class='ocrx_word' id='word_1_192' title='bbox 1592 2909 1658 2968; x_wconf 88' lang='lat' dir='ltr'>suis</span> 
     </span>
     <span class='ocr_line' id='line_1_22' title="bbox 393 3010 1655 3096; baseline 0.004 -26"><span class='ocrx_word' id='word_1_193' title='bbox 393 3010 593 3087; x_wconf 87' lang='lat' dir='ltr'>utilitatibus,</span> <span class='ocrx_word' id='word_1_194' title='bbox 618 3031 676 3072; x_wconf 89' lang='lat' dir='ltr'>nec</span> <span class='ocrx_word' id='word_1_195' title='bbox 702 3031 764 3072; x_wconf 91' lang='lat' dir='ltr'>non</span> <span class='ocrx_word' id='word_1_196' title='bbox 791 3011 957 3092; x_wconf 84' lang='lat' dir='ltr'>(h)ortum,</span> <span class='ocrx_word' id='word_1_197' title='bbox 983 3013 1109 3073; x_wconf 89' lang='lat' dir='ltr'>vineam</span> <span class='ocrx_word' id='word_1_198' title='bbox 1135 3027 1165 3073; x_wconf 93' lang='lat' dir='ltr'>et</span> <span class='ocrx_word' id='word_1_199' title='bbox 1189 3013 1284 3074; x_wconf 92' lang='lat' dir='ltr'>silvas</span> <span class='ocrx_word' id='word_1_200' title='bbox 1308 3015 1506 3094; x_wconf 91' lang='lat' dir='ltr'>supradictas</span> <span class='ocrx_word' id='word_1_201' title='bbox 1530 3013 1655 3096; x_wconf 81' lang='lat' dir='ltr'>prelato</span> 
     </span>
     <span class='ocr_line' id='line_1_23' title="bbox 393 3115 1655 3200; baseline 0.004 -24"><span class='ocrx_word' id='word_1_202' title='bbox 393 3115 560 3177; x_wconf 81' lang='lat' dir='ltr'>Anthonio</span> <span class='ocrx_word' id='word_1_203' title='bbox 585 3115 682 3196; x_wconf 84' lang='lat' dir='ltr'>judici</span> <span class='ocrx_word' id='word_1_204' title='bbox 707 3118 842 3198; x_wconf 83' lang='lat' dir='ltr'>emptori</span> <span class='ocrx_word' id='word_1_205' title='bbox 869 3138 905 3178; x_wconf 92' lang='lat' dir='ltr'>ac</span> <span class='ocrx_word' id='word_1_206' title='bbox 929 3137 985 3199; x_wconf 90' lang='lat' dir='ltr'>per</span> <span class='ocrx_word' id='word_1_207' title='bbox 1017 3137 1089 3178; x_wconf 89' lang='lat' dir='ltr'>eum</span> <span class='ocrx_word' id='word_1_208' title='bbox 1116 3119 1180 3180; x_wconf 90' lang='lat' dir='ltr'>suis</span> <span class='ocrx_word' id='word_1_209' title='bbox 1213 3118 1386 3180; x_wconf 90' lang='lat' dir='ltr'>heredibus</span> <span class='ocrx_word' id='word_1_210' title='bbox 1410 3139 1465 3200; x_wconf 91' lang='lat' dir='ltr'>per</span> <span class='ocrx_word' id='word_1_211' title='bbox 1489 3120 1655 3181; x_wconf 89' lang='lat' dir='ltr'>vendicio·</span> 
     </span>
     <span class='ocr_line' id='line_1_24' title="bbox 393 3222 1651 3304; baseline 0.005 -22"><span class='ocrx_word' id='word_1_212' title='bbox 393 3242 465 3283; x_wconf 87' lang='lat' dir='ltr'>nem</span> <span class='ocrx_word' id='word_1_213' title='bbox 492 3222 623 3304; x_wconf 92' lang='lat' dir='ltr'>predicti</span> <span class='ocrx_word' id='word_1_214' title='bbox 651 3223 804 3304; x_wconf 90' lang='lat' dir='ltr'>Stephani</span> <span class='ocrx_word' id='word_1_215' title='bbox 834 3223 978 3304; x_wconf 86' lang='lat' dir='ltr'>Hungari</span> <span class='ocrx_word' id='word_1_216' title='bbox 1012 3226 1187 3286; x_wconf 90' lang='lat' dir='ltr'>venditoris</span> <span class='ocrx_word' id='word_1_217' title='bbox 1211 3226 1397 3287; x_wconf 90' lang='lat' dir='ltr'>earumdem</span> <span class='ocrx_word' id='word_1_218' title='bbox 1430 3247 1467 3286; x_wconf 93' lang='lat' dir='ltr'>ex</span> <span class='ocrx_word' id='word_1_219' title='bbox 1493 3246 1651 3288; x_wconf 90' lang='lat' dir='ltr'>consensu</span> 
     </span>
     <span class='ocr_line' id='line_1_25' title="bbox 393 3328 1654 3414; baseline 0.005 -26"><span class='ocrx_word' id='word_1_220' title='bbox 393 3328 572 3389; x_wconf 90' lang='lat' dir='ltr'>vicinorum</span> <span class='ocrx_word' id='word_1_221' title='bbox 600 3329 817 3410; x_wconf 88' lang='lat' dir='ltr'>predictorum</span> <span class='ocrx_word' id='word_1_222' title='bbox 843 3330 1012 3391; x_wconf 85' lang='lat' dir='ltr'>statuimus</span> <span class='ocrx_word' id='word_1_223' title='bbox 1037 3345 1067 3391; x_wconf 92' lang='lat' dir='ltr'>et</span> <span class='ocrx_word' id='word_1_224' title='bbox 1091 3333 1311 3392; x_wconf 87' lang='lat' dir='ltr'>commisimus</span> <span class='ocrx_word' id='word_1_225' title='bbox 1342 3349 1499 3414; x_wconf 89' lang='lat' dir='ltr'>perpetuo</span> <span class='ocrx_word' id='word_1_226' title='bbox 1524 3349 1554 3394; x_wconf 90' lang='lat' dir='ltr'>et</span> <span class='ocrx_word' id='word_1_227' title='bbox 1580 3335 1654 3395; x_wconf 90' lang='lat' dir='ltr'>irre-</span> 
     </span>
     <span class='ocr_line' id='line_1_26' title="bbox 393 3433 1656 3520; baseline 0.006 -27"><span class='ocrx_word' id='word_1_228' title='bbox 393 3433 581 3494; x_wconf 90' lang='lat' dir='ltr'>vocabiliter</span> <span class='ocrx_word' id='word_1_229' title='bbox 612 3435 822 3516; x_wconf 90' lang='lat' dir='ltr'>possidendas</span> <span class='ocrx_word' id='word_1_230' title='bbox 859 3449 889 3496; x_wconf 90' lang='lat' dir='ltr'>et</span> <span class='ocrx_word' id='word_1_231' title='bbox 921 3437 1230 3518; x_wconf 90' lang='lat' dir='ltr'>quomodocumque</span> <span class='ocrx_word' id='word_1_232' title='bbox 1269 3438 1407 3500; x_wconf 89' lang='lat' dir='ltr'>voluerit</span> <span class='ocrx_word' id='word_1_233' title='bbox 1439 3438 1656 3520; x_wconf 90' lang='lat' dir='ltr'>disponendas</span> 
     </span>
     <span class='ocr_line' id='line_1_27' title="bbox 393 3539 1362 3624; baseline 0.006 -25"><span class='ocrx_word' id='word_1_234' title='bbox 393 3539 478 3619; x_wconf 85' lang='lat' dir='ltr'>juxta</span> <span class='ocrx_word' id='word_1_235' title='bbox 505 3540 731 3602; x_wconf 89' lang='lat' dir='ltr'>condicionem</span> <span class='ocrx_word' id='word_1_236' title='bbox 755 3541 892 3602; x_wconf 89' lang='lat' dir='ltr'>civitatis</span> <span class='ocrx_word' id='word_1_237' title='bbox 916 3543 955 3602; x_wconf 92' lang='lat' dir='ltr'>ab</span> <span class='ocrx_word' id='word_1_238' title='bbox 982 3543 1115 3624; x_wconf 90' lang='lat' dir='ltr'>antiquo</span> <span class='ocrx_word' id='word_1_239' title='bbox 1141 3545 1362 3624; x_wconf 84' lang='lat' dir='ltr'>approbatam.</span> 
     </span>
    </p>

    <p class='ocr_par' dir='ltr' id='par_1_2' title="bbox 388 3645 1655 5206">
     <span class='ocr_line' id='line_1_28' title="bbox 500 3645 1655 3729; baseline 0.006 -23"><span class='ocrx_word' id='word_1_240' title='bbox 500 3645 596 3719; x_wconf 90' lang='lat' dir='ltr'>Quod</span> <span class='ocrx_word' id='word_1_241' title='bbox 616 3647 690 3728; x_wconf 90' lang='lat' dir='ltr'>quia</span> <span class='ocrx_word' id='word_1_242' title='bbox 708 3648 755 3708; x_wconf 88' lang='lat' dir='ltr'>vir</span> <span class='ocrx_word' id='word_1_243' title='bbox 778 3648 931 3729; x_wconf 89' lang='lat' dir='ltr'>providus</span> <span class='ocrx_word' id='word_1_244' title='bbox 948 3664 978 3710; x_wconf 91' lang='lat' dir='ltr'>et</span> <span class='ocrx_word' id='word_1_245' title='bbox 996 3649 1147 3710; x_wconf 89' lang='lat' dir='ltr'>honestus</span> <span class='ocrx_word' id='word_1_246' title='bbox 1164 3651 1357 3711; x_wconf 91' lang='lat' dir='ltr'>Benedictus</span> <span class='ocrx_word' id='word_1_247' title='bbox 1374 3649 1533 3712; x_wconf 88' lang='lat' dir='ltr'>aurifaber</span> <span class='ocrx_word' id='word_1_248' title='bbox 1549 3653 1655 3713; x_wconf 90' lang='lat' dir='ltr'>senior</span> 
     </span>
     <span class='ocr_line' id='line_1_29' title="bbox 393 3753 1654 3838; baseline 0.003 -24"><span class='ocrx_word' id='word_1_249' title='bbox 393 3753 513 3834; x_wconf 85' lang='lat' dir='ltr'>juratus</span> <span class='ocrx_word' id='word_1_250' title='bbox 537 3767 567 3814; x_wconf 91' lang='lat' dir='ltr'>et</span> <span class='ocrx_word' id='word_1_251' title='bbox 592 3755 732 3815; x_wconf 89' lang='lat' dir='ltr'>concivis</span> <span class='ocrx_word' id='word_1_252' title='bbox 756 3769 863 3816; x_wconf 91' lang='lat' dir='ltr'>noster</span> <span class='ocrx_word' id='word_1_253' title='bbox 887 3753 971 3818; x_wconf 87' lang='lat' dir='ltr'>filius</span> <span class='ocrx_word' id='word_1_254' title='bbox 993 3755 1146 3837; x_wconf 88' lang='lat' dir='ltr'>Stephani</span> <span class='ocrx_word' id='word_1_255' title='bbox 1171 3755 1210 3816; x_wconf 94' lang='lat' dir='ltr'>de</span> <span class='ocrx_word' id='word_1_256' title='bbox 1228 3757 1351 3817; x_wconf 91' lang='lat' dir='ltr'>Barana</span> <span class='ocrx_word' id='word_1_257' title='bbox 1376 3777 1413 3818; x_wconf 89' lang='lat' dir='ltr'>ac</span> <span class='ocrx_word' id='word_1_258' title='bbox 1437 3758 1572 3838; x_wconf 90' lang='lat' dir='ltr'>provida</span> <span class='ocrx_word' id='word_1_259' title='bbox 1597 3757 1654 3818; x_wconf 92' lang='lat' dir='ltr'>do-</span> 
     </span>
     <span class='ocr_line' id='line_1_30' title="bbox 393 3858 1653 3942; baseline 0.003 -22"><span class='ocrx_word' id='word_1_260' title='bbox 393 3859 481 3920; x_wconf 92' lang='lat' dir='ltr'>mina</span> <span class='ocrx_word' id='word_1_261' title='bbox 507 3859 645 3920; x_wconf 89' lang='lat' dir='ltr'>Barbara</span> <span class='ocrx_word' id='word_1_262' title='bbox 669 3858 734 3920; x_wconf 89' lang='lat' dir='ltr'>filia</span> <span class='ocrx_word' id='word_1_263' title='bbox 759 3865 895 3922; x_wconf 91' lang='lat' dir='ltr'>condam</span> <span class='ocrx_word' id='word_1_264' title='bbox 915 3861 1080 3922; x_wconf 90' lang='lat' dir='ltr'>Michaelis</span> <span class='ocrx_word' id='word_1_265' title='bbox 1104 3862 1181 3923; x_wconf 92' lang='lat' dir='ltr'>olim</span> <span class='ocrx_word' id='word_1_266' title='bbox 1200 3861 1314 3942; x_wconf 86' lang='lat' dir='ltr'>judicis</span> <span class='ocrx_word' id='word_1_267' title='bbox 1333 3875 1364 3924; x_wconf 91' lang='lat' dir='ltr'>et</span> <span class='ocrx_word' id='word_1_268' title='bbox 1388 3863 1529 3924; x_wconf 87' lang='lat' dir='ltr'>concivis</span> <span class='ocrx_word' id='word_1_269' title='bbox 1555 3865 1653 3924; x_wconf 91' lang='lat' dir='ltr'>nostri</span> 
     </span>
     <span class='ocr_line' id='line_1_31' title="bbox 393 3964 1653 4050; baseline 0.002 -24"><span class='ocrx_word' id='word_1_270' title='bbox 393 3964 449 4026; x_wconf 89' lang='lat' dir='ltr'>filii</span> <span class='ocrx_word' id='word_1_271' title='bbox 476 3966 654 4028; x_wconf 89' lang='lat' dir='ltr'>Sebastiani</span> <span class='ocrx_word' id='word_1_272' title='bbox 679 3986 810 4027; x_wconf 91' lang='lat' dir='ltr'>consors</span> <span class='ocrx_word' id='word_1_273' title='bbox 833 3986 910 4028; x_wconf 88' lang='lat' dir='ltr'>vero</span> <span class='ocrx_word' id='word_1_274' title='bbox 935 3968 1080 4028; x_wconf 88' lang='lat' dir='ltr'>eiusdem</span> <span class='ocrx_word' id='word_1_275' title='bbox 1105 3968 1270 4029; x_wconf 90' lang='lat' dir='ltr'>Benedicti</span> <span class='ocrx_word' id='word_1_276' title='bbox 1299 3982 1369 4046; x_wconf 90' lang='lat' dir='ltr'>etc.,</span> <span class='ocrx_word' id='word_1_277' title='bbox 1396 3968 1440 4028; x_wconf 89' lang='lat' dir='ltr'>uti</span> <span class='ocrx_word' id='word_1_278' title='bbox 1465 3968 1525 4050; x_wconf 92' lang='lat' dir='ltr'>ipsi</span> <span class='ocrx_word' id='word_1_279' title='bbox 1552 3967 1653 4049; x_wconf 91' lang='lat' dir='ltr'>quod-</span> 
     </span>
     <span class='ocr_line' id='line_1_32' title="bbox 393 4073 1654 4155; baseline 0.002 -23"><span class='ocrx_word' id='word_1_280' title='bbox 393 4073 466 4134; x_wconf 90' lang='lat' dir='ltr'>dam</span> <span class='ocrx_word' id='word_1_281' title='bbox 493 4073 643 4134; x_wconf 92' lang='lat' dir='ltr'>balneum</span> <span class='ocrx_word' id='word_1_282' title='bbox 670 4073 813 4154; x_wconf 90' lang='lat' dir='ltr'>ipsorum</span> <span class='ocrx_word' id='word_1_283' title='bbox 845 4093 918 4133; x_wconf 92' lang='lat' dir='ltr'>cum</span> <span class='ocrx_word' id='word_1_284' title='bbox 947 4075 1015 4134; x_wconf 90' lang='lat' dir='ltr'>eius</span> <span class='ocrx_word' id='word_1_285' title='bbox 1046 4075 1119 4135; x_wconf 90' lang='lat' dir='ltr'>loco</span> <span class='ocrx_word' id='word_1_286' title='bbox 1151 4093 1207 4134; x_wconf 92' lang='lat' dir='ltr'>seu</span> <span class='ocrx_word' id='word_1_287' title='bbox 1232 4089 1313 4135; x_wconf 90' lang='lat' dir='ltr'>terre</span> <span class='ocrx_word' id='word_1_288' title='bbox 1346 4074 1455 4155; x_wconf 89' lang='lat' dir='ltr'>spacio</span> <span class='ocrx_word' id='word_1_289' title='bbox 1480 4075 1512 4134; x_wconf 94' lang='lat' dir='ltr'>in</span> <span class='ocrx_word' id='word_1_290' title='bbox 1545 4088 1654 4134; x_wconf 89' lang='lat' dir='ltr'>nostro</span> 
     </span>
     <span class='ocr_line' id='line_1_33' title="bbox 392 4179 1655 4263; baseline 0.002 -25"><span class='ocrx_word' id='word_1_291' title='bbox 392 4198 449 4240; x_wconf 89' lang='lat' dir='ltr'>seu</span> <span class='ocrx_word' id='word_1_292' title='bbox 474 4179 609 4240; x_wconf 89' lang='lat' dir='ltr'>civitatis</span> <span class='ocrx_word' id='word_1_293' title='bbox 633 4179 775 4261; x_wconf 90' lang='lat' dir='ltr'>predicte</span> <span class='ocrx_word' id='word_1_294' title='bbox 807 4181 967 4242; x_wconf 91' lang='lat' dir='ltr'>territorio</span> <span class='ocrx_word' id='word_1_295' title='bbox 1001 4182 1194 4242; x_wconf 91' lang='lat' dir='ltr'>submonte</span> <span class='ocrx_word' id='word_1_296' title='bbox 1226 4181 1370 4242; x_wconf 87' lang='lat' dir='ltr'>eiusdem</span> <span class='ocrx_word' id='word_1_297' title='bbox 1396 4181 1533 4242; x_wconf 89' lang='lat' dir='ltr'>civitatis</span> <span class='ocrx_word' id='word_1_298' title='bbox 1557 4201 1655 4263; x_wconf 91' lang='lat' dir='ltr'>penes</span> 
     </span>
     <span class='ocr_line' id='line_1_34' title="bbox 394 4284 1653 4369; baseline 0.004 -26"><span class='ocrx_word' id='word_1_299' title='bbox 394 4298 425 4346; x_wconf 91' lang='lat' dir='ltr'>et</span> <span class='ocrx_word' id='word_1_300' title='bbox 450 4284 537 4364; x_wconf 90' lang='lat' dir='ltr'>juxta</span> <span class='ocrx_word' id='word_1_301' title='bbox 562 4286 713 4347; x_wconf 90' lang='lat' dir='ltr'>metalem</span> <span class='ocrx_word' id='word_1_302' title='bbox 738 4285 872 4347; x_wconf 91' lang='lat' dir='ltr'>fluvium</span> <span class='ocrx_word' id='word_1_303' title='bbox 899 4289 979 4348; x_wconf 91' lang='lat' dir='ltr'>inter</span> <span class='ocrx_word' id='word_1_304' title='bbox 1007 4307 1066 4348; x_wconf 89' lang='lat' dir='ltr'>noa</span> <span class='ocrx_word' id='word_1_305' title='bbox 1098 4303 1128 4348; x_wconf 92' lang='lat' dir='ltr'>et</span> <span class='ocrx_word' id='word_1_306' title='bbox 1153 4288 1339 4369; x_wconf 88' lang='lat' dir='ltr'>Capitulum</span> <span class='ocrx_word' id='word_1_307' title='bbox 1368 4288 1575 4368; x_wconf 85' lang='lat' dir='ltr'>zagrabiense</span> <span class='ocrx_word' id='word_1_308' title='bbox 1594 4288 1653 4348; x_wconf 89' lang='lat' dir='ltr'>de-</span> 
     </span>
     <span class='ocr_line' id='line_1_35' title="bbox 392 4392 1654 4478; baseline 0.002 -26"><span class='ocrx_word' id='word_1_309' title='bbox 392 4407 572 4453; x_wconf 88' lang='lat' dir='ltr'>currentem</span> <span class='ocrx_word' id='word_1_310' title='bbox 598 4407 628 4453; x_wconf 91' lang='lat' dir='ltr'>et</span> <span class='ocrx_word' id='word_1_311' title='bbox 652 4393 734 4454; x_wconf 90' lang='lat' dir='ltr'>inter</span> <span class='ocrx_word' id='word_1_312' title='bbox 766 4408 897 4476; x_wconf 88' lang='lat' dir='ltr'>pontem</span> <span class='ocrx_word' id='word_1_313' title='bbox 927 4409 958 4455; x_wconf 90' lang='lat' dir='ltr'>et</span> <span class='ocrx_word' id='word_1_314' title='bbox 991 4392 1096 4456; x_wconf 90' lang='lat' dir='ltr'>locum</span> <span class='ocrx_word' id='word_1_315' title='bbox 1131 4395 1238 4476; x_wconf 92' lang='lat' dir='ltr'>pontis</span> <span class='ocrx_word' id='word_1_316' title='bbox 1268 4395 1366 4474; x_wconf 83' lang='lat' dir='ltr'>vulgo</span> <span class='ocrx_word' id='word_1_317' title='bbox 1392 4395 1522 4478; x_wconf 87' lang='lat' dir='ltr'>Pyzany</span> <span class='ocrx_word' id='word_1_318' title='bbox 1544 4393 1654 4456; x_wconf 90' lang='lat' dir='ltr'>mozth</span> 
     </span>
     <span class='ocr_line' id='line_1_36' title="bbox 392 4498 1654 4581; baseline 0.003 -23"><span class='ocrx_word' id='word_1_319' title='bbox 392 4498 513 4559; x_wconf 90' lang='lat' dir='ltr'>dictum</span> <span class='ocrx_word' id='word_1_320' title='bbox 539 4519 574 4560; x_wconf 89' lang='lat' dir='ltr'>ac</span> <span class='ocrx_word' id='word_1_321' title='bbox 599 4500 682 4560; x_wconf 90' lang='lat' dir='ltr'>inter</span> <span class='ocrx_word' id='word_1_322' title='bbox 706 4501 871 4581; x_wconf 92' lang='lat' dir='ltr'>quoddam</span> <span class='ocrx_word' id='word_1_323' title='bbox 895 4501 1121 4562; x_wconf 89' lang='lat' dir='ltr'>molendinum</span> <span class='ocrx_word' id='word_1_324' title='bbox 1155 4502 1187 4562; x_wconf 89' lang='lat' dir='ltr'>in</span> <span class='ocrx_word' id='word_1_325' title='bbox 1210 4501 1326 4562; x_wconf 90' lang='lat' dir='ltr'>eodem</span> <span class='ocrx_word' id='word_1_326' title='bbox 1360 4501 1521 4562; x_wconf 89' lang='lat' dir='ltr'>territorio</span> <span class='ocrx_word' id='word_1_327' title='bbox 1546 4517 1654 4562; x_wconf 89' lang='lat' dir='ltr'>nostro</span> 
     </span>
     <span class='ocr_line' id='line_1_37' title="bbox 391 4606 1653 4688; baseline 0.001 -22"><span class='ocrx_word' id='word_1_328' title='bbox 391 4625 408 4666; x_wconf 93' lang='lat' dir='ltr'>a</span> <span class='ocrx_word' id='word_1_329' title='bbox 433 4619 523 4687; x_wconf 90' lang='lat' dir='ltr'>parte</span> <span class='ocrx_word' id='word_1_330' title='bbox 547 4606 801 4688; x_wconf 86' lang='lat' dir='ltr'>septemtrionali</span> <span class='ocrx_word' id='word_1_331' title='bbox 823 4607 931 4684; x_wconf 90' lang='lat' dir='ltr'>situm,</span> <span class='ocrx_word' id='word_1_332' title='bbox 948 4607 1055 4668; x_wconf 90' lang='lat' dir='ltr'>abbati</span> <span class='ocrx_word' id='word_1_333' title='bbox 1073 4607 1259 4668; x_wconf 89' lang='lat' dir='ltr'>monasterii</span> <span class='ocrx_word' id='word_1_334' title='bbox 1277 4609 1369 4667; x_wconf 89' lang='lat' dir='ltr'>beate</span> <span class='ocrx_word' id='word_1_335' title='bbox 1396 4607 1495 4669; x_wconf 90' lang='lat' dir='ltr'>Marie</span> <span class='ocrx_word' id='word_1_336' title='bbox 1520 4607 1653 4688; x_wconf 86' lang='lat' dir='ltr'>virginis</span> 
     </span>
     <span class='ocr_line' id='line_1_38' title="bbox 391 4712 1651 4792; baseline 0.001 -19"><span class='ocrx_word' id='word_1_337' title='bbox 391 4713 573 4774; x_wconf 89' lang='lat' dir='ltr'>deserviens</span> <span class='ocrx_word' id='word_1_338' title='bbox 596 4712 751 4790; x_wconf 89' lang='lat' dir='ltr'>habitum,</span> <span class='ocrx_word' id='word_1_339' title='bbox 777 4712 921 4774; x_wconf 90' lang='lat' dir='ltr'>habitum</span> <span class='ocrx_word' id='word_1_340' title='bbox 948 4727 978 4774; x_wconf 90' lang='lat' dir='ltr'>et</span> <span class='ocrx_word' id='word_1_341' title='bbox 1002 4714 1148 4792; x_wconf 84' lang='lat' dir='ltr'>existens,</span> <span class='ocrx_word' id='word_1_342' title='bbox 1173 4713 1269 4774; x_wconf 91' lang='lat' dir='ltr'>simul</span> <span class='ocrx_word' id='word_1_343' title='bbox 1294 4733 1367 4774; x_wconf 89' lang='lat' dir='ltr'>cum</span> <span class='ocrx_word' id='word_1_344' title='bbox 1392 4714 1544 4775; x_wconf 91' lang='lat' dir='ltr'>omnibus</span> <span class='ocrx_word' id='word_1_345' title='bbox 1569 4713 1651 4775; x_wconf 89' lang='lat' dir='ltr'>eius·</span> 
     </span>
     <span class='ocr_line' id='line_1_39' title="bbox 390 4819 1652 4901; baseline -0.001 -21"><span class='ocrx_word' id='word_1_346' title='bbox 390 4820 463 4881; x_wconf 94' lang='lat' dir='ltr'>dem</span> <span class='ocrx_word' id='word_1_347' title='bbox 489 4820 595 4881; x_wconf 88' lang='lat' dir='ltr'>balnei</span> <span class='ocrx_word' id='word_1_348' title='bbox 621 4819 839 4900; x_wconf 87' lang='lat' dir='ltr'>(utilitatibus)</span> <span class='ocrx_word' id='word_1_349' title='bbox 863 4820 932 4880; x_wconf 93' lang='lat' dir='ltr'>viro</span> <span class='ocrx_word' id='word_1_350' title='bbox 957 4819 1104 4880; x_wconf 91' lang='lat' dir='ltr'>similiter</span> <span class='ocrx_word' id='word_1_351' title='bbox 1132 4820 1269 4901; x_wconf 92' lang='lat' dir='ltr'>provido</span> <span class='ocrx_word' id='word_1_352' title='bbox 1294 4833 1324 4880; x_wconf 92' lang='lat' dir='ltr'>et</span> <span class='ocrx_word' id='word_1_353' title='bbox 1348 4820 1580 4901; x_wconf 88' lang='lat' dir='ltr'>circumspecto</span> <span class='ocrx_word' id='word_1_354' title='bbox 1601 4819 1652 4880; x_wconf 92' lang='lat' dir='ltr'>Jo-</span> 
     </span>
     <span class='ocr_line' id='line_1_40' title="bbox 389 4925 1653 5007; baseline -0.002 -19"><span class='ocrx_word' id='word_1_355' title='bbox 389 4927 488 4988; x_wconf 93' lang='lat' dir='ltr'>hanni</span> <span class='ocrx_word' id='word_1_356' title='bbox 513 4926 631 4988; x_wconf 89' lang='lat' dir='ltr'>Bolsak</span> <span class='ocrx_word' id='word_1_357' title='bbox 656 4925 742 4987; x_wconf 88' lang='lat' dir='ltr'>dicto</span> <span class='ocrx_word' id='word_1_358' title='bbox 767 4926 885 4986; x_wconf 88' lang='lat' dir='ltr'>seniori</span> <span class='ocrx_word' id='word_1_359' title='bbox 910 4925 1008 5007; x_wconf 77' lang='lat' dir='ltr'>judici</span> <span class='ocrx_word' id='word_1_360' title='bbox 1033 4941 1063 4986; x_wconf 90' lang='lat' dir='ltr'>et</span> <span class='ocrx_word' id='word_1_361' title='bbox 1082 4927 1206 4988; x_wconf 89' lang='lat' dir='ltr'>concivi</span> <span class='ocrx_word' id='word_1_362' title='bbox 1232 4941 1341 4988; x_wconf 89' lang='lat' dir='ltr'>nostro</span> <span class='ocrx_word' id='word_1_363' title='bbox 1366 4925 1434 4990; x_wconf 88' lang='lat' dir='ltr'>filio</span> <span class='ocrx_word' id='word_1_364' title='bbox 1459 4927 1584 4988; x_wconf 90' lang='lat' dir='ltr'>Nicolai</span> <span class='ocrx_word' id='word_1_365' title='bbox 1613 4925 1653 4986; x_wconf 90' lang='lat' dir='ltr'>de</span> 
     </span>
     <span class='ocr_line' id='line_1_41' title="bbox 391 5031 1654 5116; baseline -0.002 -21"><span class='ocrx_word' id='word_1_366' title='bbox 391 5031 604 5112; x_wconf 85' lang='lat' dir='ltr'>Nerenburgh</span> <span class='ocrx_word' id='word_1_367' title='bbox 621 5052 657 5093; x_wconf 93' lang='lat' dir='ltr'>ac</span> <span class='ocrx_word' id='word_1_368' title='bbox 674 5052 730 5114; x_wconf 88' lang='lat' dir='ltr'>per</span> <span class='ocrx_word' id='word_1_369' title='bbox 747 5051 819 5093; x_wconf 90' lang='lat' dir='ltr'>eum</span> <span class='ocrx_word' id='word_1_370' title='bbox 845 5033 910 5093; x_wconf 91' lang='lat' dir='ltr'>suis</span> <span class='ocrx_word' id='word_1_371' title='bbox 928 5033 1099 5096; x_wconf 89' lang='lat' dir='ltr'>heredibus</span> <span class='ocrx_word' id='word_1_372' title='bbox 1124 5053 1183 5116; x_wconf 96' lang='lat' dir='ltr'>pro</span> <span class='ocrx_word' id='word_1_373' title='bbox 1201 5047 1330 5095; x_wconf 91' lang='lat' dir='ltr'>centum</span> <span class='ocrx_word' id='word_1_374' title='bbox 1355 5053 1391 5094; x_wconf 90' lang='lat' dir='ltr'>ac</span> <span class='ocrx_word' id='word_1_375' title='bbox 1416 5033 1654 5114; x_wconf 87' lang='lat' dir='ltr'>quinquaginta</span> 
     </span>
     <span class='ocr_line' id='line_1_42' title="bbox 388 5137 885 5206; baseline 0 -2"><span class='ocrx_word' id='word_1_376' title='bbox 388 5137 461 5206; x_wconf 88' lang='lat' dir='ltr'>flor.</span> <span class='ocrx_word' id='word_1_377' title='bbox 487 5138 555 5202; x_wconf 85' lang='lat' dir='ltr'>auri</span> <span class='ocrx_word' id='word_1_378' title='bbox 580 5137 803 5202; x_wconf 88' lang='lat' dir='ltr'>vendidissent</span> <span class='ocrx_word' id='word_1_379' title='bbox 826 5151 885 5204; x_wconf 89' lang='lat' dir='ltr'>etc.</span> 
     </span>
    </p>
   </div>
   <div class='ocr_carea' id='block_1_2' title="bbox 0 0 1932 5798">
    <p class='ocr_par' dir='ltr' id='par_1_3' title="bbox 0 0 1932 5798">
     <span class='ocr_line' id='line_1_43' title="bbox 0 0 1932 5798; baseline 0 2"><span class='ocrx_word' id='word_1_380' title='bbox 0 0 1932 5798; x_wconf 95' lang='lat' dir='ltr'> </span> 
     </span>
    </p>
   </div>
  </div>
 </body>
</html>
