3854 5798
727 499 730 505 '
808 498 1008 577 Anno1463.
1477 515 1537 580 235

276 714 453 776 Clementis
484 714 601 774 sutoris
624 713 754 774 Kechlra
780 713 867 790 dicti,
900 734 917 774 a
945 712 1199 794 septemtrionali
1225 726 1325 793 perte,
1349 726 1380 774 et
1406 712 1535 774 Thome

275 821 421 881 similiter
438 821 555 881 sutoris
573 818 697 902 Glazyn
716 820 791 881 dicti
810 819 1045 880 ameridionali
1064 833 1152 902 parte
1177 818 1319 880 habitam
1344 836 1374 880 et
1397 820 1532 881 existen-

275 941 350 1004 tem,
383 942 565 988 nostrorum
599 925 746 986 similiter
778 926 979 1004 concivium,
1011 925 1148 1007 desuper
1180 945 1196 985 a
1230 925 1279 985 via
1312 925 1477 986 communi
1503 939 1534 986 et

275 1052 375 1115 usque
401 1033 541 1094 rivulum
559 1051 632 1092 curn
657 1032 797 1113 virgulto
815 1031 921 1094 eidem
946 1032 1038 1092 vinee
1055 1031 1230 1110 subjacenti
1255 1051 1286 1091 se
1301 1031 1538 1110 extendentem,

274 1141 379 1221 ipsum
405 1138 604 1220 Stephanum
629 1136 810 1200 carnificem
836 1138 950 1218 partim
976 1138 1148 1198 acondam
1173 1137 1318 1219 providis
1342 1139 1418 1198 viris
1443 1139 1537 1199 Eme·

274 1247 340 1307 rico
364 1245 431 1308 filio
456 1245 581 1307 Nicolai
607 1259 637 1306 et
663 1245 807 1306 Fabiano
832 1244 899 1306 filio
925 1244 1080 1306 lobannis
1113 1245 1191 1305 olim
1218 1244 1328 1318 iuratis
1352 1245 1538 1305 concivibus

274 1353 389 1413 nostris
412 1352 640 1413 commissoriis
664 1352 756 1434 probi
782 1351 907 1432 juvenis
926 1353 1069 1412 Barnabe
1088 1349 1145 1412 filii
1175 1351 1330 1412 lobannis
1354 1351 1430 1412 dicti
1457 1351 1537 1411 Kus-

273 1477 349 1518 necz
374 1457 429 1518 lilii
457 1459 626 1518 Laurencii
651 1458 752 1519 Belko
777 1457 853 1519 dicti
879 1457 1057 1540 empcionis
1075 1457 1168 1518 titulo
1193 1471 1224 1518 et
1241 1456 1376 1538 provida
1402 1457 1536 1518 muliere

274 1564 450 1646 Elyzabeth
477 1579 586 1625 vocata
613 1565 722 1625 relicta
740 1563 853 1645 prelati
879 1563 1017 1625 condam
1035 1563 1190 1624 lobannis
1208 1563 1365 1624 Kwsnecz
1390 1563 1538 1624 similiter

273 1671 451 1751 empcionis
474 1671 569 1732 titulo
594 1687 855 1747 concernentem,
881 1691 953 1732 curn
989 1671 1140 1732 omnibus
1165 1683 1236 1748 ete,
1262 1671 1371 1732 Marco
1396 1669 1536 1732 carnifici

272 1775 339 1838 lilio
366 1776 504 1838 condam
532 1775 666 1858 Georgii
690 1778 838 1838 similiter
865 1776 1020 1839 carnificis
1042 1776 1153 1838 Gurak
1178 1776 1253 1837 dicti
1279 1790 1388 1837 nostro
1413 1777 1537 1838 concivi

273 1903 330 1964 pro
356 1883 496 1964 quadarn
523 1883 584 1944 alia
611 1884 703 1944 vinea
731 1903 787 1944 sua
813 1885 844 1946 in
879 1885 1041 1945 territorio
1074 1884 1134 1944 vici
1162 1883 1349 1944 Latinorum
1375 1883 1482 1945 habita
1508 1897 1538 1944 et

272 2010 330 2072 pro
355 1990 575 2052 additamento
593 2010 709 2052 novem
729 2009 909 2052 marcarum
927 1990 1132 2052 denariorum
1150 1991 1385 2052 wiennensium
1411 1989 1537 2074 prefato

274 2097 437 2178 Stephano
463 2097 557 2178 plene
583 2095 728 2157 datarum
754 2096 951 2158 vendidisset
975 2111 1006 2158 et
1022 2110 1233 2178 permutasset
1258 2112 1288 2158 et
1313 2096 1398 2175 juxta
1424 2098 1537 2158 condi-

272 2204 396 2264 cionem
425 2203 561 2264 civitatis
585 2217 751 2285 prenotate
781 2204 1091 2284 quomodocumque
1125 2203 1264 2264 voluerit
1289 2203 1536 2284 disponendam.

378 2309 475 2383 Quod
501 2311 575 2390 quia
602 2310 763 2370 Fabianus
787 2308 872 2370 lilius
898 2309 1008 2370 Banlro
1033 2310 1071 2370 de
1096 2309 1172 2370 villa
1198 2310 1358 2394 Pobresya
1384 2309 1535 2370 directam

271 2429 301 2477 et
326 2415 474 2496 equalem
500 2416 704 2477 medietatem
730 2415 943 2496 quarumdam
963 2431 1116 2476 terrarum
1139 2415 1321 2494 arabilium,
1346 2416 1533 2498 porcionem

271 2522 419 2583 videlicet
440 2542 542 2601 suam,
567 2522 671 2604 ipsum
698 2541 771 2583 cum
797 2521 939 2602 Georgio
963 2520 1029 2583 filio
1046 2521 1159 2604 prefati
1187 2524 1275 2584 Bnnk
1300 2523 1338 2582 de
1366 2523 1452 2583 dicta
1478 2522 1537 2583 Po-

271 2631 383 2711 bresya
408 2627 503 2690 fratre
528 2649 586 2690 suo
611 2648 668 2710 per
693 2629 836 2689 medium
860 2643 1056 2707 tangentem,
1082 2629 1112 2689 in
1137 2649 1251 2710 campo
1277 2628 1358 2689 dicte
1392 2628 1538 2706 civitatis,

271 2755 340 2797 eam
366 2751 481 2796 terram
507 2755 563 2796 seu
589 2735 776 2816 porcionem
802 2750 884 2795 terre
909 2754 964 2796 sue
990 2736 1071 2796 inter
1095 2748 1193 2796 terras
1212 2735 1374 2796 Valentini
1399 2734 1437 2795 de
1462 2735 1536 2795 Wr-

270 2844 392 2920 bovvcz,
417 2862 434 2901 a
458 2841 700 2923 septemtrione,
726 2853 757 2901 et
772 2841 936 2902 Valentini
963 2840 1077 2918 judicis
1095 2842 1193 2902 nostri
1219 2841 1369 2903 moderni
1394 2839 1451 2902 lilii
1477 2842 1536 2902 Mi-

269 2948 387 3009 chaelis
411 2969 428 3008 a
453 2948 633 3008 meridione
658 2946 850 3024 habitarum,
883 2963 914 3009 et
947 2948 1028 3008 inter
1057 2948 1123 3008 vias
1157 2967 1349 3009 communes
1376 2967 1472 3009 unam
1497 2949 1536 3008 ab

270 3055 392 3115 oriente
417 3068 447 3115 et
471 3054 566 3114 aliam
592 3055 631 3115 ab
649 3053 815 3115 occidente
841 3054 925 3131 sitas,
943 3055 1022 3115 duas
1039 3075 1112 3115 curn
1130 3055 1234 3116 media
1260 3055 1310 3116 vel
1340 3057 1417 3116 citra
1437 3053 1537 3114 dietas

269 3176 349 3222 terre
368 3162 398 3221 in
416 3181 449 3221 se
474 3162 712 3236 continentem
737 3160 833 3220 aliam
851 3179 926 3220 vero
951 3161 1033 3222 inter
1050 3175 1147 3222 terras
1171 3162 1307 3222 arabiles
1332 3161 1422 3222 Pauli
1449 3161 1534 3222 auri·

270 3265 349 3328 fabri
373 3267 482 3347 generi
508 3266 645 3328 condam
673 3265 839 3328 Michaelis
872 3267 953 3327 olim
978 3265 1095 3346 judicis
1121 3281 1152 3329 et
1186 3268 1328 3328 concivis
1353 3267 1453 3329 nostri
1478 3263 1537 3327 lilii

275 3374 455 3436 Sebastiani
480 3374 627 3435 similiter
652 3373 793 3434 concivis
817 3374 951 3434 nostrin
975 3374 1238 3455 septemtrionali,
1261 3394 1296 3434 ac
1321 3375 1360 3435 ab
1386 3373 1534 3434 orientali

275 3494 305 3542 et
329 3501 345 3542 a
372 3480 577 3541 meridionali
602 3479 705 3562 plagis
729 3479 882 3558 habitam,
908 3499 1048 3540 necnon
1074 3481 1114 3540 ab
1131 3479 1321 3541 occidentali
1347 3495 1435 3563 parte
1454 3480 1535 3540 inter

276 3601 306 3649 et
330 3607 427 3668 penes
451 3588 536 3648 viam
569 3605 773 3647 communem
807 3586 898 3646 sitam
931 3599 960 3646 et
994 3585 1146 3664 habitem,
1181 3586 1260 3646 duas
1291 3586 1437 3648 similiter
1462 3605 1533 3648 curn

277 3693 382 3754 media
396 3693 446 3753 vel
464 3694 539 3754 citra
555 3693 654 3754 dietas
670 3707 752 3754 terre
768 3693 798 3753 in
816 3713 848 3753 se
866 3693 1096 3770 continentem,
1114 3693 1218 3774 ipsum
1237 3693 1416 3754 Fabianum
1432 3693 1533 3754 hlium

276 3799 365 3860 bank
390 3799 503 3880 partim
530 3799 596 3879 jure
622 3799 789 3860 statutorio
813 3799 929 3880 partim
955 3798 1133 3880 emptionis
1165 3813 1195 3859 et
1220 3799 1409 3860 donacionis
1434 3800 1534 3860 titulis

275 3920 533 3984 concernentenr,
551 3925 623 3966 cum
642 3905 794 3966 omnibus
812 3920 881 3984 etc„
900 3905 1059 3967 Clementi
1078 3903 1145 3965 filio
1163 3905 1275 3987 prelati
1296 3904 1426 3986 Georgii
1446 3907 1534 3966 ssank

274 4013 312 4073 de
337 4013 419 4073 dicta
447 4014 604 4097 l'obresya
630 4034 666 4074 ec
684 4033 739 4094 per
764 4033 835 4074 eum
862 4014 926 4074 suis
944 4012 1115 4074 heredibus
1139 4033 1198 4095 pro
1216 4027 1354 4094 quatuor
1379 4014 1447 4074 flor.
1466 4014 1533 4074 auri

273 4119 469 4181 vendidisset
494 4135 523 4180 et
548 4120 858 4202 quomodocumque
883 4119 1021 4182 voluerit
1045 4120 1130 4201 juxta
1148 4121 1373 4182 condicionem
1399 4121 1535 4181 civitatis

273 4241 439 4309 prenotate
464 4227 708 4308 disponendam.
1343 4233 1346 4238 '

379 4333 476 4406 Quod
502 4333 635 4416 provida
661 4349 692 4394 et
709 4333 842 4394 honesta
868 4335 983 4396 mulier
1000 4337 1114 4398 Vrsula
1133 4351 1244 4396 vocata
1270 4335 1378 4395 relicta
1396 4335 1533 4395 condam

274 4439 402 4500 Thome
426 4440 629 4520 agricultoris
654 4440 728 4501 dicti
756 4441 865 4501 Kozalr
890 4441 969 4501 olim
994 4443 1136 4502 concivis
1162 4442 1259 4502 nostri
1285 4440 1342 4502 filii
1368 4441 1533 4502 Benedicti

273 4546 312 4606 de
337 4546 560 4627 Prepustowca
584 4545 647 4608 filia
673 4546 809 4607 condam
835 4547 945 4608 lacobi
972 4546 1027 4608 filii
1054 4549 1137 4609 Petri
1163 4548 1202 4609 de
1228 4547 1427 4628 Hraztoycza
1454 4547 1530 4608 dicti

274 4653 446 4731 vazodol‚
471 4653 632 4733 quandam
658 4667 773 4714 terram
800 4673 889 4714 suam
914 4655 1068 4716 arabilem
1095 4655 1124 4715 in
1150 4674 1264 4736 campo
1289 4654 1372 4714 dicte
1397 4653 1533 4714 civitatis

274 4777 371 4839 penes
394 4772 510 4819 terram
545 4759 721 4820 liberorum
753 4779 809 4820 seu
841 4779 1060 4822 successorum
1093 4759 1183 4822 Pauli
1216 4761 1291 4822 dicti
1318 4759 1532 4844 vallroychyn

274 4863 351 4924 olim
378 4864 519 4924 concivis
544 4866 641 4925 nostri
668 4880 698 4926 et
722 4867 788 4926 vias
805 4885 994 4928 communes
1011 4867 1068 4927 sita
1094 4882 1125 4927 et
1145 4867 1282 4928 existens
1299 4866 1533 4945 continebatur,

273 4987 336 5050 que
361 4969 483 5031 scilicet
506 4983 587 5031 terra
612 4971 741 5031 arabilis
759 4972 860 5054 ipsam
883 4973 1031 5034 Vrsulam
1049 4973 1218 5035 mulierem
1235 4993 1252 5034 a
1269 4971 1394 5055 prelato
1411 4973 1532 5034 Jacobo
