3832 5804
775 595 861 650 Anno
884 605 975 669 1459·
1447 616 1504 678 ¹93

245 698 571 704 -—--—---.--—-—-
906 700 1507 711 ————-.—.——--—-—.—..---——

240 803 493 884 septemtrionali
518 817 608 885 parte
634 803 719 882 sitas,
744 803 868 866 habitas
900 818 930 866 et
962 805 1141 884 existentes,
1174 807 1343 888 porciones
1376 823 1410 870 ut
1432 828 1503 890 pre·

241 908 356 971 dicitur
379 909 494 971 totales
518 929 590 970 suas
614 909 757 972 vineales
783 909 951 972 videlicet:
988 910 1237 990 Zudrowschalt‚
1262 913 1348 975 Zaad
1381 927 1412 975 et
1437 914 1506 976 Od-

241 1016 341 1095 kopar
374 1035 409 1077 ac
443 1015 745 1077 Kamennazthrana
776 1015 951 1097 vulgariter
982 1031 1198 1100 nuncupatas;
1232 1019 1307 1081 item
1342 1021 1505 1101 quandam

241 1135 362 1204 partem
387 1142 442 1196 seu
469 1123 655 1206 porcionem
675 1122 842 1185 cuiusdam
865 1136 948 1185 tetre
975 1144 1031 1186 sue
1048 1125 1178 1186 arabilis
1194 1125 1276 1187 inter
1300 1141 1415 1189 terram
1435 1148 1503 1190 ara·

242 1229 339 1290 bilem
364 1228 540 1290 liberorum
565 1248 622 1291 seu
654 1248 874 1292 successorum
899 1230 1036 1292 condam
1062 1229 1194 1312 Georgii
1226 1233 1305 1295 olim
1333 1233 1438 1315 jurati,
1462 1237 1503 1297 ab

240 1335 416 1414 occidente,
441 1349 472 1396 et
496 1336 578 1397 inter
602 1336 698 1397 aliam
723 1348 844 1418 partem
862 1355 917 1397 seu
935 1336 1123 1418 porcionem
1146 1337 1311 1400 cuiusdam
1329 1353 1410 1402 terre
1435 1360 1504 1402 ara·

151 1491 154 1496 .
240 1442 313 1503 bilis
337 1462 355 1503 a
378 1455 466 1524 parte
491 1441 638 1502 orientali
664 1442 776 1520 sitam,
801 1443 945 1524 quinque
973 1443 1024 1504 vel
1057 1443 1133 1506 citra
1167 1444 1268 1507 dietas
1299 1461 1380 1508 terre
1414 1447 1445 1508 in
1470 1468 1503 1509 se

239 1549 468 1626 continentem,
495 1548 639 1609 Barnabe
672 1548 812 1628 agricole
848 1549 939 1609 aliter
964 1549 1077 1610 Berlelt
1110 1565 1223 1612 vocato
1247 1549 1315 1613 filio
1349 1553 1438 1614 Pauli
1464 1554 1504 1615 de

239 1655 398 1716 Rakonolt
429 1673 465 1716 ac
498 1673 554 1736 per
586 1673 660 1716 eum
696 1655 762 1715 suis
793 1653 965 1716 heredibus
996 1673 1054 1736 pro
1085 1655 1214 1737 triginta
1246 1677 1300 1719 sex
1332 1657 1401 1720 flor.
1435 1659 1504 1720 auri

239 1760 383 1822 vendidit
404 1773 561 1842 perpetuo
586 1759 795 1841 possidendas
819 1773 850 1820 et
877 1760 1049 1842 superinde
1073 1762 1132 1822 sub
1154 1763 1308 1845 pendenti
1334 1764 1440 1845 sigillo
1465 1765 1503 1826 li·

238 1881 304 1930 tera
331 1883 437 1929 nostre
469 1867 711 1930 communitatis
735 1881 782 1930 est
804 1868 863 1930 sibi
889 1883 1046 1930 emanata.

344 1973 422 2036 ltem
446 1973 638 2036 Valentinus
662 1973 803 2054 agricola
828 1973 912 2036 filius
935 1973 1074 2036 condam
1100 1975 1256 2038 Anthonii
1282 1977 1358 2038 dicti
1384 1979 1499 2040 Kwka·

238 2083 316 2142 wicz
341 2081 380 2142 de
406 2081 642 2164 Megwrechye,
668 2080 809 2143 concivis
841 2093 959 2160 noster,
984 2081 1148 2162 quandam
1182 2083 1309 2144 vineam
1334 2103 1389 2144 seu
1414 2085 1501 2148 vine·

238 2187 320 2249 alem
347 2188 535 2269 porcionem
570 2207 660 2248 suam
693 2186 951 2248 condicionalem
984 2188 1067 2250 inter
1095 2189 1205 2250 vineas
1237 2189 1334 2251 Blasii
1368 2188 1424 2251 filii
1450 2191 1503 2252 Jo-

238 2293 352 2355 hannis
376 2293 453 2354 dicti
478 2292 699 2372 Chwdawich‚
724 2293 1014 2374 aseptemtrionali
1039 2307 1139 2376 parte,
1164 2309 1194 2356 et
1212 2293 1332 2358 Mathie
1356 2295 1503 2360 similiter

238 2398 380 2480 agricole
405 2397 481 2460 dicti
507 2397 733 2460 Trwmbethin
758 2397 913 2476 habitam,
939 2398 1112 2460 Dominico
1130 2397 1269 2461 carnifici
1291 2399 1358 2462 filio
1376 2401 1502 2462 Nicolai

238 2505 313 2566 dicti
339 2504 564 2567 Pwnekowich
589 2505 629 2566 de
661 2503 829 2584 Vrbowcz,
862 2503 986 2566 concivi
1007 2519 1140 2585 nostro,
1169 2525 1227 2588 pro
1260 2520 1399 2588 quatuor
1432 2506 1502 2570 flor.

238 2611 305 2672 auri
330 2611 478 2672 vendidit
503 2624 659 2692 perpetuo
694 2610 922 2692 possidendam
948 2623 979 2672 et
1006 2611 1178 2691 superinde
1202 2613 1261 2672 sub
1286 2612 1438 2694 pendenti
1462 2615 1502 2674 si·

236 2717 316 2798 gillo
341 2717 433 2779 litera
459 2731 566 2778 nostre
591 2716 831 2778 communitatis
855 2716 915 2778 sibi
941 2729 988 2778 est
1011 2730 1168 2780 emanata.

344 2823 421 2885 ltem
456 2824 652 2884 Laurencius
685 2821 770 2884 filius
802 2822 898 2884 Blasii
931 2821 971 2884 de
1000 2822 1119 2884 Kalecz
1150 2823 1182 2884 in
1213 2843 1269 2885 sua
1302 2837 1333 2886 et
1368 2823 1501 2887 honeste

237 2929 344 3009 puelle
370 2929 471 2990 Elena
497 2942 609 2991 vocate
633 2927 698 2990 filie
723 2927 853 2990 Thome
877 2927 934 2990 filii
965 2929 1103 2990 condam
1129 2929 1258 3014 Endrey
1282 2929 1322 2991 de
1347 2931 1413 3013 ipsa
1439 2932 1502 2993 Ka·

237 3036 316 3112 lecz,
342 3035 583 3116 consanguinee
607 3055 664 3098 sue
688 3034 845 3118 personis,
870 3034 1034 3117 quandam
1067 3034 1202 3097 domum
1226 3055 1316 3098 suam
1342 3053 1500 3100 muratam

236 3142 332 3202 simul
357 3161 432 3203 cum
458 3141 568 3203 lundis
592 3142 697 3204 eidem
716 3141 827 3203 domui
846 3156 969 3204 mutate
986 3143 1046 3203 sub
1063 3155 1094 3202 et
1123 3141 1343 3223 adjacentibus
1360 3157 1390 3205 et
1407 3145 1501 3226 perti·

236 3247 397 3325 uentibus,
416 3248 497 3308 inter
514 3247 629 3309 domos
645 3247 821 3308 liberorum
847 3247 985 3309 condam
1004 3247 1167 3309 Benedicti
1192 3248 1284 3311 aliter
1308 3249 1417 3310 Bedelt
1441 3269 1496 3311 vo·

236 3353 297 3414 cati
324 3353 400 3415 dicti
427 3353 611 3414 Krathehen
635 3367 665 3415 et
689 3352 844 3414 Anthonii
874 3352 949 3414 dicti
978 3351 1120 3415 Chernik
1145 3354 1185 3415 ab
1203 3374 1276 3433 una,
1301 3368 1333 3417 et
1357 3356 1501 3418 Barnabe

236 3459 438 3540 agricultoris
463 3472 494 3520 et
519 3459 695 3522 liberorum
720 3459 857 3520 condam
876 3459 1038 3521 Valentini
1064 3459 1103 3520 de
1129 3460 1273 3538 Raboch,
1297 3480 1314 3522 a
1340 3476 1428 3542 parte
1446 3482 1500 3523 sn·

237 3567 357 3644 teriori,
375 3581 406 3628 et
427 3567 509 3628 inter
532 3566 667 3628 domum
684 3579 749 3627 tarn
767 3579 923 3626 muratam
949 3583 1046 3646 qnam
1064 3565 1206 3646 ligneam
1223 3566 1361 3628 condam
1381 3567 1500 3628 Mathie

238 3673 435 3755 kynterniste
460 3672 612 3751 habitam,
638 3685 701 3734 tres
726 3671 758 3732 in
783 3685 851 3732 toto
876 3684 1005 3752 quartas
1038 3671 1124 3732 curie
1157 3671 1187 3732 in
1213 3691 1245 3732 se
1271 3673 1500 3750 coutinentem,

239 3778 324 3838 Luce
347 3779 447 3840 sutori
473 3777 540 3840 filio
565 3777 686 3839 Mathia
720 3776 760 3838 de
792 3775 942 3854 lwanich,
976 3777 1101 3838 concivi
1126 3791 1246 3855 nostro,
1277 3797 1313 3839 ac
1338 3797 1394 3859 per
1425 3799 1499 3840 eum

236 3883 302 3944 suis
325 3883 497 3946 heredibus
522 3903 580 3966 pro
604 3884 705 3944 tribus
729 3881 798 3944 flor.
823 3882 892 3944 auri
916 3881 1062 3944 vendidit
1091 3895 1247 3963 perpetuo
1272 3883 1498 3964 possidendam

237 4004 267 4050 et
290 3989 462 4072 superinde
486 3992 546 4051 sub
570 3989 723 4072 pendenti
740 3988 847 4070 sigillo
865 3989 956 4050 litera
981 4001 1088 4050 nostre
1112 3989 1352 4050 communitatis
1376 4003 1422 4050 est
1438 3990 1498 4050 sibi

236 4109 393 4160 emanata.

343 4203 420 4265 ltem
445 4217 510 4265 tota
535 4201 750 4265 communitas
775 4201 940 4282 quoddam
958 4200 1053 4262 fenile
1072 4202 1215 4283 ipsorum
1233 4202 1314 4263 inter
1326 4200 1424 4264 fenile
1441 4202 1497 4262 do·

236 4309 314 4369 mini
326 4308 503 4372 Clementis
520 4309 662 4390 magistri
675 4306 853 4389 hospitalis,
870 4308 909 4368 ab
927 4307 1060 4385 oriente,
1070 4321 1101 4370 et
1114 4308 1196 4368 inter
1208 4307 1382 4388 quemdam
1393 4307 1497 4368 lacum

235 4415 500 4498 Zeltyrichawdol
525 4431 675 4478 vocatum
696 4435 713 4476 a
732 4413 923 4491 meridione,
947 4427 978 4476 et
1003 4414 1084 4477 inter
1100 4415 1264 4496 quandam
1289 4427 1404 4475 terram
1429 4433 1497 4474 era·

235 4521 334 4582 bilem
358 4533 500 4584 nostram
525 4539 732 4584 communem
757 4521 797 4580 ab
827 4518 1005 4596 occidente,
1039 4539 1096 4580 nec
1129 4539 1193 4580 non
1226 4519 1308 4580 inter
1332 4518 1497 4599 quoddam

234 4629 383 4688 rubetom
415 4628 563 4690 similiter
595 4645 768 4689 commune
802 4645 819 4684 a
852 4626 1081 4707 septemtrione
1113 4624 1257 4686 habitum
1288 4637 1319 4684 et
1350 4624 1497 4702 existens,

235 4733 379 4794 Batnahe
406 4731 582 4796 Graharich
600 4752 635 4794 ac
660 4751 715 4813 per
732 4751 807 4792 eum
826 4730 892 4792 suis
908 4729 1081 4792 heredibus
1104 4731 1163 4792 sub
1181 4749 1279 4790 censu
1296 4727 1497 4812 infrascripto

233 4839 322 4901 dedit
346 4854 377 4902 et
401 4841 538 4902 contulit
564 4840 605 4902 ita
631 4853 750 4916 tamen,
779 4837 866 4918 quod
900 4835 1042 4918 prefatus
1067 4838 1228 4898 Barnabas
1253 4849 1284 4896 et
1307 4853 1420 4896 omnes
1443 4833 1497 4896 he·

232 4945 325 5006 redes
348 4959 380 5008 et
403 4965 602 5008 successores
625 4945 673 5006 sui
698 4957 822 5005 sextum
840 4961 968 5003 currum
986 4942 1049 5004 leni
1068 4942 1240 5004 comitibus
1258 4942 1373 5002 nostris
1398 4941 1496 5021 magi·

233 5051 439 5114 stratualibus
463 5071 521 5135 pro
545 5067 690 5134 tempore
715 5049 895 5112 constitutis
920 5049 998 5112 dare
1022 5050 1227 5112 tenebuntur.
