3840 5810
400 571 440 650 36
917 568 1004 626 Anno
1028 581 1120 645 1444.

399 795 430 842 et
455 779 608 863 Stephani
635 779 856 862 Sterkowych,
880 780 919 839 ab
954 798 1017 840 una
1045 793 1145 861 parte,
1177 780 1216 840 ab
1242 777 1341 838 altera
1366 796 1441 838 vero
1474 790 1563 858 parte
1590 775 1662 836 Bar·

399 886 554 948 tholomei
580 887 721 970 agricole
746 885 853 948 habite
871 899 902 947 et
926 885 1100 964 existentis,
1124 867 1222 946 unam¹
1240 883 1389 946 videlicet
1413 897 1558 966 quartam
1577 883 1663 944 curie

399 992 606 1054 solummodo
631 992 662 1053 in
687 1010 719 1054 se
744 991 923 1070 continens,
958 1011 1031 1052 curn
1064 991 1129 1052 suis
1164 990 1371 1072 pertinenciis
1405 988 1548 1071 Georgio
1580 987 1663 1050 auri-

399 1099 490 1161 labro
513 1097 581 1160 filio
606 1097 703 1159 Blasii
729 1097 825 1159 Zekel
851 1097 891 1160 de
915 1097 1043 1158 civitate
1068 1097 1221 1159 Vasarhel
1242 1110 1365 1174 vocata,
1388 1109 1556 1178 tamquam
1574 1095 1663 1176 prius

400 1221 429 1268 et
453 1207 516 1286 jam
542 1219 651 1266 nostro
676 1205 800 1266 concivi
826 1204 960 1266 donavit
991 1218 1147 1286 perpetuo
1181 1203 1411 1285 possidendam
1437 1216 1469 1264 et
1491 1200 1663 1284 superinde

399 1327 445 1374 est
469 1313 558 1374 litera
583 1315 642 1374 sub
667 1311 820 1395 pendenti
845 1310 953 1393 sigillo
978 1311 1220 1373 communitatis
1244 1323 1401 1372 emanata.

505 1418 583 1480 ltem
613 1417 754 1500 quedam
786 1417 879 1478 vinee
913 1418 986 1496 due,
1018 1437 1114 1479 unam
1148 1416 1266 1478 Kocbil
1291 1430 1322 1478 et
1354 1416 1449 1478 aliam
1487 1415 1574 1476 illam
1600 1433 1662 1496 que

399 1525 537 1587 condam
571 1524 700 1608 Mathye
733 1523 885 1605 lutifiguli
917 1522 1090 1606 prefuerat,
1122 1524 1204 1586 inter
1229 1524 1356 1586 vineam
1390 1522 1554 1604 quandam
1579 1520 1662 1582 Petri

399 1633 514 1714 judicis
546 1647 577 1694 et
610 1633 693 1693 inter
724 1631 851 1692 vineam
886 1629 972 1692 Galli
1005 1631 1147 1710 cultoris,
1183 1644 1312 1712 aparte
1344 1629 1486 1708 australi,
1517 1646 1663 1689 necnon

400 1739 482 1800 inter
506 1739 633 1800 vineam
659 1737 756 1798 aliam
780 1734 893 1818 prelati
911 1736 996 1798 Petri
1021 1736 1146 1818 judicis,
1171 1757 1188 1798 a
1211 1750 1300 1818 parte
1317 1734 1521 1798 meridionali
1546 1734 1663 1812 habite,

400 1844 537 1926 desuper
561 1866 579 1906 a
603 1845 655 1905 via
678 1844 844 1905 communi
869 1857 900 1904 et
917 1842 1000 1906 infra
1017 1863 1119 1925 usque
1136 1857 1263 1927 pratum
1279 1863 1335 1904 seu
1361 1841 1459 1905 lenile
1483 1841 1662 1903 communi-

400 1951 472 2012 tatis
496 1951 615 2029 habite,
639 1969 696 2033 per
721 1949 900 2030 Georgium
932 1951 1059 2012 labrum
1087 1949 1190 2012 filium
1226 1949 1386 2012 Francisci
1411 1949 1559 2011 similiter
1583 1945 1662 2008 fabri

401 2056 564 2118 Clementi
609 2055 759 2138 frenipari
797 2055 864 2117 filio
898 2056 994 2118 Blasii
1038 2057 1161 2118 decano
1197 2056 1361 2118 colendini
1397 2052 1663 2117 confraternitatis

401 2162 702 2224 Theuthonicorum
729 2175 802 2223 sunt
826 2162 991 2224 vendidite
1023 2177 1180 2246 perpetuo
1211 2162 1405 2244 possidende
1437 2176 1468 2222 et
1492 2159 1662 2243 superinde

401 2282 447 2330 est
471 2269 562 2330 litera
586 2270 645 2330 sub
670 2269 825 2350 pendenti
848 2268 957 2350 sigillo
982 2271 1222 2331 communitatis
1251 2282 1408 2332 emanata.

507 2375 586 2436 ltem
618 2375 757 2456 quedam
789 2388 872 2436 terra
911 2376 1041 2436 arabilis
1072 2376 1103 2437 in
1145 2396 1259 2458 campo
1292 2376 1428 2438 civitatis
1458 2374 1600 2456 predicte
1631 2375 1661 2435 in

402 2481 512 2561 Krogh
537 2481 619 2542 inter
650 2493 748 2542 terras
772 2482 909 2543 arabiles
938 2481 1116 2544 Clementis
1147 2479 1315 2564 freniparis
1346 2495 1377 2544 et
1401 2480 1534 2562 Georgii
1570 2479 1661 2562 jurati

400 2587 458 2649 filii
483 2587 623 2666 Andree,
647 2607 684 2648 ac
709 2587 856 2670 Dyonisii
889 2587 1043 2650 institoris
1073 2589 1193 2666 habita,
1221 2602 1344 2671 septem
1377 2588 1428 2650 vel
1453 2588 1530 2650 citra
1563 2587 1663 2648 dietas

400 2708 483 2757 terre
507 2695 540 2754 in
564 2714 597 2756 se
630 2695 808 2774 continens,
840 2693 964 2777 prelato
997 2695 1158 2758 Clementi
1190 2695 1342 2778 lrenipari
1378 2715 1434 2778 per
1456 2694 1662 2757 Dominicum

401 2800 539 2882 juratum
564 2819 711 2862 socerum
735 2801 835 2882 ipsius
860 2800 1036 2864 Clementis
1061 2815 1107 2863 est
1130 2802 1259 2864 vendita
1287 2814 1443 2884 perpetuo
1468 2800 1660 2884 possidenda

401 2921 432 2968 et
455 2907 628 2988 superinde
653 2919 699 2969 est
722 2907 812 2968 litera
835 2908 894 2969 sub
919 2908 1073 2990 pendenti
1104 2909 1212 2988 sigillo
1242 2908 1482 2970 communitatis
1506 2920 1662 2968 emanata.

508 3011 585 3074 ltem
610 3013 765 3074 medietas
788 3013 955 3074 cuiusdam
980 3014 1106 3094 domus,
1131 3013 1222 3076 fundi
1247 3028 1279 3076 et
1307 3015 1415 3076 celarii
1439 3034 1476 3075 ac
1499 3011 1663 3075 hedifieio·

401 3137 472 3180 rum
497 3118 530 3179 in
554 3119 625 3179 vico
658 3119 806 3180 exteriori
837 3139 894 3181 seu
925 3119 1029 3201 platea
1061 3119 1292 3182 theuthonicali
1325 3121 1407 3182 inter
1442 3119 1557 3182 domos
1581 3119 1662 3180 Lau·

401 3223 500 3286 rencii
524 3235 555 3286 et
579 3224 707 3285 Martini
724 3225 841 3286 sutoris
858 3245 893 3286 ac
918 3225 1015 3286 Blasii
1032 3225 1145 3286 decani
1162 3225 1281 3304 habite,
1298 3245 1395 3288 unam
1413 3241 1558 3307 quartam
1576 3225 1662 3286 curie

403 3330 435 3390 in
460 3349 492 3390 se
517 3329 695 3408 continens,
712 3343 758 3391 est
785 3330 915 3391 vendita
941 3331 1085 3413 predicto
1110 3330 1272 3394 Clementi
1291 3331 1413 3393 decano
1429 3351 1485 3415 per
1504 3336 1661 3412 Agnetem

402 3435 570 3497 mulierem
597 3435 714 3497 dictam
740 3435 823 3498 Sena
848 3450 1003 3519 perpetuo
1028 3437 1222 3519 possidenda
1254 3451 1284 3500 et
1306 3438 1478 3520 superinde
1503 3451 1549 3499 est
1573 3438 1663 3500 litera

402 3543 461 3602 sub
486 3541 639 3623 pendenti
662 3541 769 3622 sigillo
794 3544 1034 3605 communitatis
1058 3557 1215 3606 emanata.

509 3648 586 3710 ltem
618 3649 817 3729 Augustinus
848 3649 952 3711 dictus
985 3651 1095 3710 Kusne
1134 3650 1258 3732 pridem
1294 3650 1415 3732 juratus
1457 3651 1663 3731 concivisque

402 3767 520 3832 noster,
544 3754 707 3835 quandam
732 3753 865 3816 domum
890 3775 979 3817 suam
1004 3776 1076 3817 curn
1106 3754 1207 3818 fundo
1232 3769 1263 3817 et
1294 3756 1450 3818 hedificiis
1487 3777 1523 3819 ac
1547 3757 1664 3819 celario

403 3861 435 3920 in
460 3859 544 3920 dicta
568 3859 693 3921 civitate
719 3860 800 3920 inter
824 3860 958 3922 domurn
984 3862 1146 3923 Ambrosii
1170 3861 1229 3923 filii
1259 3861 1437 3924 Clementis
1462 3863 1616 3924 institoris
1633 3876 1664 3924 et

404 3966 503 4026 Elene
528 3965 637 4026 matris
662 3966 805 4027 eiusdem
831 3966 1009 4029 Clementis
1026 3969 1200 4047 Ambrosii,
1222 3988 1258 4029 ac
1276 3967 1358 4030 inter
1382 3969 1517 4030 domurn
1535 3968 1664 4051 Mathye

401 4073 509 4152 generi
536 4071 619 4132 lwan
645 4073 835 4154 Trunthych
860 4087 890 4134 et
916 4074 1013 4136 Blasii
1036 4073 1093 4136 filii
1118 4074 1247 4136 Thome
1277 4075 1485 4158 Kormanych
1509 4075 1663 4152 habitam,

403 4177 544 4239 mediam
568 4178 689 4239 curiam
714 4179 745 4239 in
771 4200 803 4239 se
828 4181 1057 4260 continentem,
1082 4181 1216 4264 Symoni
1245 4181 1386 4260 agricole
1410 4179 1477 4243 filio
1503 4181 1600 4244 Blasii
1624 4180 1664 4242 de

405 4285 579 4368 Lesnycza,
604 4303 690 4345 novo
715 4286 839 4346 concivi
873 4300 992 4365 nostru,
1018 4286 1164 4348 vendidit
1195 4299 1351 4368 perpetuo
1383 4286 1609 4368 possidendam
1635 4301 1665 4348 et

401 4389 573 4471 superinde
597 4403 644 4451 est
667 4390 758 4452 litera
782 4393 840 4453 sub
866 4392 1018 4473 pendenti
1043 4393 1150 4473 sigillo
1175 4394 1415 4455 communitatis
1440 4407 1596 4454 emanata.

509 4496 587 4558 ltem
612 4497 816 4560 medietatem
842 4499 1007 4560 cuiusdam
1027 4499 1152 4578 domus,
1178 4498 1268 4560 fundi
1287 4514 1317 4561 et
1335 4501 1442 4562 celarii
1467 4500 1663 4562 subterranei

402 4623 437 4664 ac
455 4602 720 4665 hedificiorumin
738 4603 819 4666 dicta
837 4605 1056 4667 civitateinter
1073 4605 1188 4667 domos
1198 4606 1374 4667 liberorum
1384 4607 1522 4668 condam
1538 4606 1663 4668 Nicolai

403 4708 579 4791 Petrenych
594 4723 624 4770 et
642 4707 774 4790 Georgii
793 4711 971 4792 Ztakorych
988 4731 1023 4772 ac
1041 4711 1148 4773 relicte
1164 4711 1292 4794 Mathye
1310 4712 1488 4796 Ztakorych
1503 4711 1621 4791 habite,
1646 4732 1665 4772 a

402 4827 490 4896 parte
508 4814 591 4876 dicte
609 4815 725 4876 domus
742 4816 884 4898 ipsorum
899 4817 1074 4878 liberorum
1097 4837 1152 4878 seu
1169 4837 1388 4878 successorum
1407 4815 1520 4900 prelati
1537 4817 1663 4879 Nicolai

403 4919 578 5004 Petrenych
603 4920 755 4998 habitam,
780 4942 877 4983 unam
910 4937 1055 5004 quartam
1088 4923 1172 4983 curie
1204 4923 1234 4984 in
1260 4943 1293 4984 se
1325 4924 1562 5001 continentem;
1588 4923 1664 4985 item

402 5027 563 5106 quandam
589 5029 715 5089 vineam
734 5029 924 5112 Prekrisnylr
942 5043 1086 5091 vocatam
1110 5029 1141 5090 in
1170 5029 1331 5091 territorio
1349 5031 1486 5093 civitatis
1510 5030 1664 5110 habitam,
