3840 5810
816 586 903 644 Anno
926 601 1018 664 1444.
1501 609 1536 668 35

275 793 415 856 habitam
453 815 524 857 cum
550 795 702 860 fenilibus
730 798 852 860 eisdem
884 798 1144 880 subjacentibus3
1176 819 1213 860 ac
1236 800 1329 860 vinea
1355 799 1539 860 lelenowcz

275 915 397 982 vocata,
422 923 494 965 cum
519 905 613 966 vinea
638 904 928 968 Kurolthowschak
961 919 1083 986 vocata,
1109 927 1144 968 ac
1168 906 1239 968 aliis
1272 907 1374 969 vineis
1406 907 1539 969 desertis

277 1007 397 1070 ibidem
421 1007 549 1088 habitis,
574 1031 609 1072 ac
634 1013 773 1093 quedem
798 1012 877 1073 silve
913 1012 1035 1074 ibidem
1062 1032 1163 1095 prope
1196 1013 1278 1075 inter
1301 1013 1414 1075 silvam
1441 1014 1537 1074 Blasii

277 1114 391 1195 judicis
426 1128 457 1178 et
480 1117 655 1178 liberorum
681 1119 819 1180 condam
848 1119 1022 1180 Katberine
1054 1119 1161 1180 relicte
1187 1119 1402 1204 Zteplrowych
1428 1119 1535 1180 habite

275 1221 419 1302 predicto
443 1221 586 1303 Georgio
609 1222 678 1285 filio
702 1224 802 1306 ipsius
827 1224 993 1286 Michaelis
1017 1225 1196 1286 Sebastiani
1214 1225 1382 1286 cessissent
1409 1225 1439 1286 in
1467 1244 1538 1306 por-

275 1328 400 1388 cionem
425 1330 636 1410 possidende;
671 1331 734 1392 alie
759 1343 866 1392 autem
901 1330 1027 1392 residue
1060 1331 1278 1412 possessiones
1309 1345 1339 1393 et
1371 1331 1540 1413 porciones

276 1435 522 1514 possessionarie
547 1434 670 1518 prefato
690 1437 864 1499 Benedicto
882 1437 1013 1499 divisori
1033 1438 1171 1520 ipsarum
1198 1437 1436 1518 possessionum
1454 1437 1539 1517 juxta

276 1554 422 1602 contenta
455 1541 620 1603 literarum
653 1543 904 1625 privilegialium
938 1542 1178 1605 divisionalium
1210 1542 1382 1625 superinde
1414 1541 1539 1604 confec-

275 1660 376 1708 tarum
403 1647 570 1709 cessissent
594 1663 749 1731 perpetuo
774 1649 967 1732 possidende
992 1663 1023 1712 et
1046 1649 1219 1731 superinde
1244 1649 1311 1731 ipse
1336 1649 1426 1710 litere
1444 1649 1538 1731 privi-

276 1751 405 1834 legiales
429 1757 488 1815 sub
513 1753 667 1836 pendenti
691 1755 799 1836 sigillo
822 1755 1063 1817 communitatis
1086 1769 1160 1816 sunt
1184 1768 1342 1818 emanate.

378 1860 454 1921 ltem
480 1861 620 1942 quedam
644 1874 726 1924 terra
751 1862 881 1924 arabilis
907 1863 938 1924 in
966 1881 1081 1944 campo
1099 1875 1209 1924 nostro
1234 1881 1290 1923 seu
1315 1862 1451 1924 civitatis
1470 1881 1538 1943 pre-

277 1965 357 2028 dicte
383 1968 414 2028 in
441 1966 637 2028 Cirlrwische
669 1969 751 2046 inter
782 1981 881 2030 terras
912 1969 1046 2052 Agnetis
1077 1968 1222 2030 mulieris
1254 1967 1364 2030 relicte
1402 1968 1538 2028 condam

278 2071 437 2134 Dominici
463 2073 676 2158 Marsethych,
699 2086 730 2136 et
762 2074 937 2136 liberorum
962 2093 1018 2137 seu
1051 2093 1271 2136 successorum
1296 2074 1433 2134 condam
1459 2071 1539 2135 Gre-

276 2177 355 2258 gorii
380 2179 485 2260 jurati,
510 2193 694 2241 nostrorum
728 2181 923 2260 concivium,
947 2180 1068 2258 habita,
1102 2200 1174 2242 cum
1206 2180 1271 2242 suis
1295 2180 1485 2242 utilitatibus
1509 2193 1540 2242 et

276 2285 479 2365 pertinenciis
504 2287 671 2364 universis,
691 2306 753 2368 que
779 2286 917 2349 condam
936 2285 1092 2348 lobannis
1109 2285 1276 2348 Jacomelli
1294 2283 1465 2367 prefuerat,
1483 2305 1539 2368 per

277 2391 412 2452 eundem
439 2391 618 2452 lohannem
651 2392 820 2454 Jacomelli
854 2393 1018 2474 Stephano
1050 2391 1189 2454 carnifici
1222 2392 1309 2454 dicto
1342 2392 1446 2476 Sayko
1470 2391 1538 2452 filio

278 2497 384 2558 Maren
410 2498 450 2560 de
476 2497 733 2560 Klolcochewecz
758 2512 804 2560 eet
827 2499 956 2560 vendita
975 2514 1130 2581 perpetuo
1155 2499 1348 2579 possidenda
1373 2512 1404 2560 et
1427 2519 1537 2581 super·

277 2603 350 2664 inde
374 2619 420 2665 est
445 2603 535 2666 litera
559 2605 619 2666 sub
643 2605 797 2687 pendenti
822 2606 930 2686 sigillo
955 2605 1196 2667 communitatis
1220 2619 1377 2668 emanata.

381 2709 458 2771 ltem
484 2711 581 2772 tercia
608 2731 680 2793 pars
712 2711 877 2773 cuiusdam
912 2710 1019 2792 (h)0rti
1050 2713 1081 2774 in
1114 2711 1274 2773 territorio
1308 2712 1444 2774 civitatis
1468 2732 1537 2794 pre-

277 2814 359 2877 dicte
383 2831 468 2878 extra
495 2830 526 2880 et
550 2833 623 2879 ante
648 2831 772 2899 portam
798 2818 934 2880 civitatis
958 2817 1110 2900 predicte,
1134 2831 1258 2902 portam
1286 2817 1436 2902 videlicet
1461 2817 1537 2880 Car-

278 2919 404 2984 nificum
430 2923 636 3004 appellatam,
662 2925 744 2986 inter
769 2924 848 2986 duas
872 2937 977 3006 partes
1001 2924 1145 2984 eiusdem
1175 2922 1293 3005 (h)⁰rti,
1318 2943 1397 3004 quas
1421 2923 1536 2986 Valen-

276 3028 359 3089 tinus
383 3029 502 3110 juratus
527 3027 610 3092 filius
635 3029 801 3092 Michaelis
825 3029 990 3113 Saronych
1016 3043 1290 3111 comparaverata
1317 3030 1447 3090 domina
1473 3030 1536 3092 Do·

277 3133 383 3196 rothea
408 3136 516 3197 relicta
541 3137 679 3197 condam
698 3137 839 3197 Ladislai
858 3137 896 3196 de
916 3137 1061 3214 Preseka,
1085 3155 1121 3197 ac
1142 3137 1223 3196 inter
1246 3135 1329 3196 viam
1358 3135 1537 3197 cursualem

277 3240 407 3302 liberam
433 3256 464 3304 et
486 3261 643 3322 securam,
669 3241 822 3324 Stephani
841 3241 997 3304 carnificis
1021 3242 1097 3304 dicti
1115 3243 1224 3324 Zaylco
1248 3241 1367 3320 habite,
1392 3261 1447 3323 per
1464 3261 1536 3302 ean·

277 3347 348 3408 dem
373 3347 539 3410 dominam
573 3348 770 3410 Dorotheam
805 3347 929 3431 prefato
963 3349 1127 3432 Stephano
1159 3347 1298 3409 carnifici
1331 3363 1377 3410 est
1408 3348 1537 3409 vendita

277 3469 430 3536 perpetuo
461 3455 654 3535 possidenda
688 3469 718 3516 et
749 3455 923 3537 superinde
957 3469 1003 3516 est
1036 3455 1125 3516 litera
1160 3457 1218 3516 sub
1251 3455 1404 3537 pendenti
1429 3455 1537 3536 sigillo

277 3561 514 3622 communitatis
539 3573 696 3625 emanata.
734 3543 737 3552 ⁵

380 3665 457 3728 ltem
483 3668 622 3749 quedam
647 3681 729 3729 terra
754 3667 883 3728 arabilis
909 3669 939 3727 in
958 3687 1072 3749 campo
1097 3681 1207 3728 nostro
1231 3687 1287 3728 seu
1313 3667 1450 3728 civitatis
1467 3685 1536 3748 pre-

277 3771 358 3833 dicte
394 3773 475 3834 inter
506 3774 675 3854 antiquum
709 3787 849 3834 meatum
886 3793 941 3834 seu
975 3773 1143 3834 decursum
1176 3772 1265 3834 fluvii
1291 3773 1366 3834 dicti
1392 3772 1536 3834 Cherno·

276 3877 393 3956 merch,
417 3880 457 3940 ab
482 3879 659 3958 occidente,
685 3879 890 3961 Mathychina
926 3891 1087 3957 vocatum,
1112 3891 1142 3938 et
1176 3879 1257 3940 inter
1282 3879 1362 3940 duas
1386 3879 1453 3939 vias
1478 3897 1537 3960 pu·

277 3983 384 4063 blicas,
409 4005 506 4046 unam
533 4007 548 4046 a
582 3985 763 4046 meridione
797 4001 827 4046 et
862 3986 957 4046 aliam
984 4005 1001 4045 a
1035 3986 1263 4066 septemtrione
1296 3986 1476 4063 existentes,
1501 4005 1538 4044 ac

275 4091 354 4156 inter
379 4104 478 4152 terras
501 4091 640 4153 arabiles
669 4091 846 4152 liberorum
879 4112 936 4152 seu
969 4111 1189 4152 successorum
1221 4091 1357 4152 condam
1383 4091 1538 4152 Johannis

275 4194 349 4257 dicti
375 4196 488 4279 Bolye,
513 4199 553 4258 ab
578 4197 712 4275 oriente,
738 4198 899 4259 mediante
924 4198 1083 4260 moderno
1101 4211 1209 4258 meatu
1233 4217 1289 4258 seu
1314 4198 1448 4258 decursu
1468 4217 1536 4278 pre-

276 4299 329 4363 lati
353 4301 443 4363 fluvii
470 4301 709 4364 Chernomercz
735 4305 837 4365 vocati
870 4305 939 4382 sita,
965 4323 1037 4365 cum
1071 4303 1213 4385 quodam
1239 4302 1328 4364 senili
1354 4321 1452 4384 parvo
1477 4303 1536 4362 sibi

275 4406 449 4489 subjacenti
487 4409 545 4470 sita
578 4423 608 4470 et
642 4409 760 4488 habita,
792 4409 964 4472 duodecim
1000 4423 1034 4470 ut
1067 4410 1184 4470 dicitur
1216 4411 1316 4470 dietas
1340 4421 1423 4470 terre
1448 4409 1479 4468 in
1505 4427 1537 4468 se

277 4513 453 4592 continens,
479 4533 551 4575 cum
576 4515 641 4575 suis
666 4516 872 4597 pertinenciis
894 4515 1057 4597 Stephano
1082 4514 1222 4576 carnifici
1247 4515 1333 4576 dicto
1359 4515 1465 4597 Saylco
1483 4533 1539 4594 per

278 4617 438 4701 Mathyam
464 4621 585 4682 dictum
611 4621 729 4682 Farltas
753 4620 855 4682 filium
882 4623 988 4703 Egidii
1014 4623 1052 4682 dc
1080 4621 1226 4682 Klolcoch
1252 4635 1298 4682 est
1322 4621 1450 4681 vendita
1469 4639 1538 4701 per-

278 4737 372 4805 petuo
396 4726 589 4806 possidenda
614 4741 644 4787 et
668 4727 842 4808 superinde
867 4743 913 4788 est
938 4729 1027 4789 litera
1053 4731 1111 4789 sub
1138 4727 1291 4810 pendenti
1316 4726 1425 4806 sigillo
1450 4745 1537 4786 com-

279 4831 437 4893 munitatis
460 4847 618 4894 emanata.
659 4887 662 4895 .

381 4939 456 5000 ltem
490 4939 645 5001 medietas
676 4941 843 5001 cuiusdam
876 4941 1003 5018 domus,
1037 4939 1147 5018 luridi,
1184 4937 1474 5019 hedificiorumque
1507 4939 1538 4999 in

279 5043 406 5107 civitate
420 5047 561 5128 predicta
582 5047 663 5107 inter
679 5047 793 5108 domos
810 5047 951 5108 virorum
978 5047 1186 5128 providorum
1208 5046 1297 5106 Pauli
1316 5046 1390 5106 dicti
1412 5046 1537 5167 hlazten
