3854 5798
783 563 878 651 Anno'
892 593 987 670 1469.
1458 609 1518 672 ²75

256 807 497 888 commissarius
522 806 665 870 eiusdem
688 805 819 885 ¹Vrsule,
849 805 945 868 aliam
978 804 1184 867 medietatem
1217 804 1360 866 eiusdem
1394 803 1521 883 domus,

255 913 347 976 fundi
372 927 403 974 et
427 910 536 976 celarii
567 911 692 995 prelato
725 912 846 974 Jacobo
877 911 978 974 sutori
1010 931 1046 973 ac
1071 930 1127 994 per
1159 931 1234 973 eum
1258 912 1324 973 suis
1348 910 1522 972 heredibus

253 1038 311 1103 pro
335 1038 452 1081 novem
478 1017 548 1084 flor.
573 1019 642 1080 auri
666 1037 723 1100 per
747 1018 886 1080 eundem
912 1019 1070 1082 iacobum
1101 1017 1206 1080 eidem
1232 1018 1396 1101 Stephano
1420 1017 1521 1079 carni-

253 1126 303 1189 fici
328 1125 512 1208 persolutis,
537 1125 677 1208 ideoque
703 1124 808 1186 eidem
833 1125 941 1187 literas
973 1138 1098 1188 nostras
1131 1144 1230 1186 novas
1254 1123 1404 1186 dedimus
1428 1136 1459 1185 et
1483 1142 1521 1185 er

255 1233 417 1316 premissis
441 1233 611 1294 statuimus
639 1245 670 1294 et
695 1229 923 1293 confirmamus
950 1231 1018 1314 jure
1046 1243 1203 1314 perpetuo
1221 1243 1251 1293 et
1268 1230 1520 1293 irrevocabiliter

255 1339 428 1402 tenendam
454 1352 486 1400 et
509 1338 819 1421 quomodocumque
850 1337 990 1400 voluerit
1013 1337 1099 1419 juxta
1132 1339 1359 1402 condicionem
1383 1337 1521 1400 civitatis

253 1459 420 1529 prenotate
444 1444 484 1506 ab
509 1444 645 1526 antiquo
670 1445 881 1527 approbatam
915 1443 1226 1526 quomodocumque
1250 1444 1390 1506 voluerit
1414 1443 1522 1527 dispo·

255 1551 406 1613 nendam.

359 1655 458 1731 Quod
476 1656 551 1739 quia
568 1656 627 1718 viri
652 1656 778 1738 providi
800 1670 831 1719 et
847 1656 973 1718 honesti
991 1656 1144 1718 Clemens
1167 1669 1256 1718 sutor
1274 1656 1391 1717 Kelecz
1408 1655 1521 1734 dictus,

256 1763 395 1825 lacobus
418 1777 518 1842 sutor,
542 1763 685 1825 seniores
707 1763 811 1844 jurati,
833 1763 909 1825 item
929 1763 1113 1825 Anthonius
1137 1763 1284 1824 similiter
1308 1775 1397 1824 sutor
1421 1761 1519 1844 Segin

258 1869 371 1948 dictus,
396 1869 545 1930 concives
568 1869 687 1948 nostri,
712 1869 788 1930 item
808 1869 944 1930 Mathias
974 1869 1092 1929 Lowaz
1109 1869 1213 1930 dictus
1237 1867 1432 1930 inhabitator
1455 1869 1520 1929 Ab·

257 1975 347 2037 bacie
372 1975 606 2055 Zagrabiensis‚
639 1987 826 2036 executores
857 1974 1008 2037 videlicet
1039 1975 1220 2036 testamenti
1253 1974 1390 2036 condam
1423 1972 1521 2035 Blasii

258 2079 413 2143 carnificis
437 2081 516 2142 olim
541 2081 683 2142 concivis
699 2081 799 2142 nostri
817 2093 848 2142 et
868 2081 1015 2142 similiter
1039 2081 1117 2142 civis
1142 2080 1225 2142 dicte
1250 2081 1393 2142 Abbacie
1412 2099 1522 2160 zagra·

259 2187 388 2266 biensis,
412 2187 629 2250 vendiderunt
651 2187 808 2270 quasdam
832 2201 895 2249 tres
926 2187 1034 2266 silvas,
1059 2186 1138 2248 duas
1166 2183 1279 2269 prefati
1305 2186 1443 2248 condam
1468 2186 1520 2246 Jo-

257 2294 370 2356 hannis
384 2293 643 2380 Chwdawchych
660 2295 757 2377 patris
771 2295 870 2376 ipsius
888 2293 996 2372 Blasii,
1010 2313 1106 2354 unam
1125 2314 1141 2355 a
1158 2307 1248 2376 parte
1266 2292 1520 2375 septemtrionali

257 2401 339 2462 inter
361 2399 474 2461 silvam
499 2399 676 2462 liberorum
700 2419 756 2461 seu
780 2419 1000 2462 successorum
1025 2400 1163 2461 condam
1188 2399 1353 2461 Benedicti
1377 2398 1518 2479 agricole

259 2506 351 2568 aliter
377 2506 484 2568 Bedek
503 2506 598 2583 dicti;
623 2507 718 2568 aliam
736 2525 812 2568 vero
830 2526 891 2588 que
909 2505 1047 2567 condam
1065 2505 1222 2567 Anthonii
1241 2505 1321 2568 labri
1346 2503 1403 2567 filii
1423 2505 1519 2583 Luce,

259 2626 290 2674 et
313 2613 444 2674 terciam
469 2612 583 2673 silvam
609 2632 706 2694 quarn
727 2611 904 2694 Gregorius
924 2611 1020 2673 irater
1044 2611 1181 2672 condam
1201 2611 1290 2672 Pauli
1316 2611 1440 2693 juvenis
1463 2609 1521 2671 filii

259 2717 415 2779 lobannis
440 2718 595 2780 institoris
618 2717 740 2780 filiastri
758 2718 896 2779 condam
922 2719 1003 2801 Elye
1020 2718 1150 2780 sartoris
1167 2719 1318 2799 contigue
1342 2719 1522 2795 existentes,

259 2844 276 2886 a
300 2837 389 2906 parte
407 2823 558 2886 videlicet
574 2824 780 2886 meridionali
798 2844 1017 2886 successorum
1036 2824 1174 2886 condam
1192 2824 1343 2907 (providi)
1361 2825 1420 2886 viri
1439 2823 1521 2886 Petri

260 2929 407 3012 Huogari
432 2928 489 2991 filii
514 2928 605 2992 Pauli
631 2931 708 2993 olim
734 2930 850 3011 judicis
875 2946 906 2993 et
939 2931 1081 2993 concivis
1105 2933 1204 2994 nostri
1236 2932 1378 2994 habitam
1403 2946 1434 2994 et
1458 2931 1518 2994 erri-

259 3049 407 3115 stentem,
431 3035 648 3098 vendiderunt
666 3036 745 3121 Elye
767 3035 864 3098 lusori
884 3057 1113 3120 campanarum
1131 3038 1249 3100 seniori
1273 3039 1376 3120 jurato
1401 3053 1431 3101 et
1447 3057 1522 3100 con-

261 3142 321 3204 civi
347 3155 457 3204 nostro
481 3141 549 3203 filio
574 3142 738 3205 Benedicti
761 3143 801 3204 de
826 3144 960 3226 Posega,
985 3145 1024 3206 de
1058 3165 1217 3206 consensu
1249 3145 1429 3207 vicinorum
1453 3165 1522 3228 pre·

261 3247 420 3309 dictorum
456 3248 671 3312 vendiderunt
694 3249 763 3330 jure
787 3264 943 3332 perpetuo
968 3250 1054 3332 juxta
1087 3251 1312 3312 condicionem
1337 3252 1420 3314 dicte
1444 3249 1520 3313 civi-

263 3355 335 3416 tatis
359 3357 398 3417 ab
416 3355 550 3436 antiquo
567 3356 778 3438 approbatam
796 3357 1104 3438 quomodocumque
1123 3358 1261 3418 voluerit
1277 3358 1524 3440 disponendam.

369 3461 467 3536 Quod
492 3462 647 3544 providus
670 3463 719 3523 vir
744 3463 862 3524 Paulus
885 3463 1025 3525 carnifex
1054 3463 1161 3525 senior
1184 3463 1305 3544 juratus
1329 3478 1361 3526 et
1384 3465 1525 3528 concivis

266 3582 373 3631 noster
397 3568 573 3652 Jagathych
600 3569 703 3632 dictus
735 3569 887 3632 directam
921 3582 951 3631 et
981 3570 1130 3651 equalem
1155 3570 1370 3650 medietatem,
1402 3584 1524 3654 partem

266 3673 416 3736 videlicet
438 3675 631 3737 anteriorem
657 3675 822 3736 cuiusdam
852 3675 969 3737 domus
1006 3689 1036 3737 et
1060 3674 1152 3736 lundi
1177 3695 1214 3736 ac
1245 3674 1467 3738 hedificiorum
1493 3677 1525 3736 in

267 3779 350 3842 dicta
374 3781 500 3843 civitate
524 3781 606 3842 inter
629 3795 660 3842 et
683 3801 782 3863 penes
809 3783 924 3842 domos
948 3781 1082 3863 provide
1115 3781 1259 3842 mulieris
1285 3781 1447 3844 Dorothea
1470 3802 1526 3843 vo·

267 3899 335 3948 cate
358 3885 666 3972 Kwhynaschychne
691 3887 785 3966 dicte,
810 3889 850 3949 ab
875 3907 935 3948 una
965 3887 1115 3948 videlicet
1138 3887 1343 3948 meridionali
1367 3901 1466 3969 parte,
1491 3907 1527 3949 ac

267 3992 392 4073 providi
416 3993 476 4054 viri
501 3993 591 4055 Pauli
616 3991 771 4074 carnificis
796 3993 916 4073 Paulek
940 3993 1027 4072 dicti,
1052 3994 1092 4054 ab
1116 3993 1215 4054 altera
1239 3993 1390 4055 videlicet
1413 4014 1430 4055 a
1455 4013 1527 4076 sep·

266 4099 475 4182 temtrionali,
500 4113 681 4162 nostrorum
707 4100 888 4161 concivium
907 4098 1061 4178 habitam,
1078 4119 1174 4160 unarn
1192 4100 1417 4162 tantummodo
1435 4119 1528 4181 quar·

267 4218 331 4266 tarn
356 4205 442 4266 curie
464 4205 504 4266 ad
530 4224 623 4266 usum
641 4205 724 4267 dicte
750 4205 887 4267 civitatis
904 4206 936 4266 in
958 4225 991 4266 se
1008 4206 1228 4267 continentem
1253 4204 1372 4288 Gwray
1388 4206 1529 4288 agricole

269 4308 336 4371 filio
360 4311 491 4372 Andree
515 4310 722 4373 inhabitatori
751 4312 835 4373 dicte
868 4312 1005 4374 civitatis
1029 4325 1060 4374 et
1084 4312 1129 4373 uti
1161 4332 1246 4374 novo
1271 4313 1396 4373 concivi
1420 4326 1529 4374 nostro

269 4436 305 4478 ac
328 4436 385 4499 per
409 4436 483 4478 eum
508 4417 596 4479 suius
619 4417 793 4479 heredibus
816 4437 874 4500 pro
907 4418 1019 4499 viginti
1049 4418 1157 4500 pensis
1189 4418 1394 4479 denariorum
1419 4418 1530 4480 vendi-

270 4523 367 4585 disset
392 4537 423 4585 et
440 4525 637 4602 contulisset,
655 4523 729 4608 ideo
746 4524 851 4586 eidem
866 4525 973 4586 literas
990 4539 1112 4587 nostras
1129 4525 1279 4586 duximus
1297 4524 1531 4588 concedendas.

376 4629 452 4692 ltem
478 4632 554 4712 quia
578 4632 713 4714 provida
737 4645 768 4693 et
792 4631 926 4693 honesta
947 4633 1063 4693 mulier
1089 4631 1262 4694 Katherina
1286 4645 1398 4694 vocata
1422 4631 1530 4694 relicta

271 4735 408 4818 condam
434 4737 613 4800 Sebastiani
639 4739 798 4823 Soldynar
822 4739 909 4816 dicti,
927 4739 1005 4800 olim
1031 4737 1122 4818 jurati
1141 4752 1171 4800 et
1195 4738 1337 4800 concivis
1362 4738 1472 4814 nostri,
1497 4757 1533 4799 ac

272 4842 433 4906 lohannes
455 4842 540 4906 filius
564 4845 708 4906 eiusdem
733 4845 865 4907 domine
897 4845 1083 4923 Katherine,
1116 4845 1264 4906 concives
1288 4845 1397 4922 nostri,
1423 4843 1533 4905 vendi-

272 4950 388 5012 derunt
412 4953 574 5032 quendam
600 4951 754 5036 (h)ortum
779 4952 915 5013 condam
941 4951 999 5012 viri
1032 4951 1159 5033 providi
1190 4949 1356 5012 Michaelis
1380 4949 1535 5013 institoris

272 5053 329 5122 filii
356 5055 488 5140 Georgii
516 5058 655 5138 Barbati,
680 5057 759 5119 olim
791 5059 932 5120 concivis
960 5057 1072 5137 nostri,
1096 5057 1191 5140 primi
1216 5056 1366 5118 videlicet
1390 5056 1449 5184 Virri
1475 5057 1535 5137 sui,
