3840 5810
785 556 984 632 Anno1442.
1470 578 1504 636 15

246 781 275 828 et
298 765 455 828 hedificiis
472 767 567 828 unius
584 779 695 848 quarte
719 766 804 826 curie
823 766 855 827 in
880 766 952 827 vico
970 766 1068 848 ipsius
1093 767 1230 829 civitatis
1253 769 1401 830 exteriori
1420 783 1506 830 suto·

243 895 311 936 rum
337 875 419 936 inter
453 875 569 936 domos
600 887 630 935 et
662 873 780 935 fundos
815 874 943 936 Martini
976 875 1092 935 sutoris
1126 887 1156 936 et
1189 875 1366 958 Elyzabeth
1399 877 1505 939 relicte

243 981 376 1042 condam
404 981 566 1042 Dominici
592 981 708 1042 sutoris
732 979 885 1060 habitam,
912 979 1004 1042 Petro
1029 981 1127 1042 sutori
1146 981 1232 1042 dicto
1257 981 1378 1063 Pogled
1405 983 1505 1045 dona·

243 1103 352 1148 verunt
377 1102 533 1169 perpetuo
558 1087 786 1169 possidendam
812 1101 842 1148 et
873 1086 1045 1168 superinde
1071 1103 1116 1149 est
1149 1088 1238 1150 litera
1268 1091 1326 1150 sub
1351 1090 1504 1172 pendenti

242 1195 344 1276 sigillo
362 1195 602 1256 communitatis
626 1209 782 1256 emanata.

344 1301 420 1362 ltem
448 1301 646 1382 Margaretha
665 1301 772 1362 relicta
790 1301 927 1362 condam
958 1302 1041 1364 lwan
1069 1303 1233 1384 quandam
1259 1302 1392 1363 domum
1411 1322 1501 1364 suam

243 1407 335 1467 unius
359 1421 469 1488 quarte
495 1399 581 1469 curie
615 1407 644 1468 in
671 1407 742 1468 vico
774 1407 873 1488 ipsius
905 1407 1043 1470 civitatis
1076 1407 1223 1469 exteriori
1248 1423 1400 1470 sutorum
1425 1409 1506 1471 inter

242 1513 355 1575 domos
380 1513 523 1575 eiusdem
552 1513 795 1596 Margarethe,a
821 1514 1012 1594 meridione,
1034 1529 1064 1576 et
1082 1515 1163 1576 inter
1181 1513 1320 1576 fundum
1340 1515 1506 1577 Michaelis

240 1619 330 1699 labri,
356 1641 373 1681 a
398 1621 625 1703 septemtrione
662 1619 816 1699 habitam,
840 1621 1014 1684 Valentino
1040 1621 1131 1684 labro
1156 1620 1225 1683 filio
1251 1621 1400 1703 Gregorii
1425 1621 1503 1685 Gra·

239 1726 368 1810 horych,
394 1741 428 1788 ut
452 1747 538 1789 novo
563 1726 688 1788 concivi
714 1741 834 1805 nostro,
860 1728 1007 1790 vendidit
1024 1743 1182 1810 perpetuo
1208 1728 1456 1809 possidendam
1474 1743 1504 1791 et

240 1834 376 1896 Michael
402 1833 491 1897 faber
514 1835 676 1917 predictus
709 1854 806 1896 unam
831 1847 978 1896 octavam
1011 1836 1097 1896 curie
1123 1835 1155 1896 in
1181 1835 1343 1898 vicinitate
1367 1835 1501 1917 predicti

239 1940 328 2002 luridi
356 1941 455 2025 ipsius
478 1941 640 2004 Valentini
670 1939 749 2002 fabri
783 1940 924 2003 habitam
957 1941 1062 2002 eidem
1104 1941 1280 2004 Valentino
1314 1940 1403 2002 labro
1428 1961 1502 2003 ven·

239 2049 318 2110 didit
343 2063 497 2130 perpetuo
522 2048 761 2130 possidendam.

343 2155 421 2216 ltem
439 2155 540 2216 Elena
564 2155 673 2216 relicta
691 2153 847 2216 Anthonii
865 2153 1040 2216 Wlltanich
1066 2155 1230 2236 quandam
1260 2155 1393 2217 domum
1411 2177 1501 2218 suam

241 2281 314 2323 cum
340 2260 442 2322 fundo
467 2275 497 2322 et
520 2261 639 2322 celario
655 2261 864 2322 subterraneo
881 2279 917 2322 ac
934 2259 1091 2322 hedificiis
1115 2261 1147 2322 in
1167 2261 1252 2322 dicta
1278 2262 1403 2324 civitate
1422 2263 1503 2324 inter

237 2369 351 2430 domos
376 2381 406 2429 et
431 2366 548 2428 fundos
572 2367 726 2428 Pernarth
751 2365 900 2448 lutifiguli
920 2381 950 2428 et
964 2365 1092 2428 Thome
1118 2367 1242 2448 Dragos
1268 2368 1355 2446 dicti,
1380 2369 1419 2428 ab
1439 2387 1501 2429 una

237 2489 335 2558 parte,
359 2489 390 2537 et
414 2489 501 2558 parte
526 2476 565 2536 ab
590 2474 687 2536 altera
714 2474 811 2554 Marci¹
845 2474 977 2535 cultoris
1005 2487 1036 2536 et
1061 2475 1151 2536 Pauli
1178 2474 1318 2555 agricole
1344 2475 1498 2554 habitam,

238 2582 376 2642 mediam
402 2581 522 2642 curiam
547 2580 586 2642 ad
614 2600 706 2641 usum
740 2580 876 2641 civitatis
901 2580 932 2640 in
958 2601 991 2641 se
1023 2581 1255 2660 continentem,
1280 2582 1389 2643 Marco
1414 2581 1500 2642 dicto

238 2689 346 2750 Pedlto
370 2686 439 2749 filio
463 2687 584 2749 Vrbani
619 2683 658 2747 d'e
683 2685 837 2765 Hrascha‚
870 2699 904 2747 ut
929 2707 1014 2748 novo
1048 2687 1172 2748 concivi
1199 2701 1318 2766 nostro,
1353 2687 1499 2748 vendidit

237 2809 392 2877 perpetuo
416 2793 644 2875 possidendam
670 2806 700 2854 et
732 2793 904 2875 superinde
936 2808 982 2854 est
1007 2793 1096 2855 litera
1122 2795 1181 2855 sub
1214 2793 1365 2875 pendenti
1391 2793 1498 2874 sigillo

237 2901 475 2963 communitatis
500 2899 743 2982 privilegialiter
767 2914 925 2962 emanata.

340 3008 415 3069 ltem
435 3011 543 3087 Agnes
567 3007 675 3067 relicta
694 3005 822 3067 Thorne
847 3005 903 3068 filii
923 3007 1039 3090 larney
1063 3006 1225 3087 quandam
1251 3007 1410 3068 vinealem
1428 3027 1497 3088 par·

235 3115 364 3176 ticulam
390 3133 478 3174 suam
506 3111 673 3174 cuiusdam
698 3112 789 3173 vinee
816 3113 915 3174 libere
942 3113 973 3173 in
1007 3113 1168 3174 territorio
1197 3113 1333 3174 civitatis
1356 3113 1498 3194 predicte

236 3222 316 3282 inter
338 3220 449 3281 vineas
474 3218 606 3300 Georgii
632 3218 772 3300 agricole
791 3219 964 3279 Ztanchich
985 3233 1016 3281 et
1032 3219 1212 3281 liberorum
1239 3219 1375 3280 condam
1401 3219 1497 3280 Blasii

235 3328 386 3406 habitam,
415 3325 564 3387 Michaeli
589 3323 657 3385 filio
683 3324 812 3385 Thome
837 3325 1007 3386 habitatori
1033 3325 1169 3388 civitatis
1186 3325 1327 3407 predicte
1353 3325 1499 3385 vendidit

234 3447 387 3516 perpetuo
411 3431 641 3515 possidendam
667 3444 698 3492 et
722 3431 893 3512 superinde
927 3447 973 3494 est
1002 3433 1092 3494 litera
1125 3433 1184 3492 sub
1210 3431 1365 3514 pendenti
1390 3431 1497 3512 sigillo

236 3540 476 3602 communitatis
500 3538 743 3620 privilegialiter
767 3553 925 3599 emanata.

338 3646 416 3708 Item
436 3643 636 3726 Margaretha
654 3644 764 3706 relicta
782 3643 918 3705 condam
938 3645 1113 3724 Dominici,
1131 3665 1215 3706 nunc
1235 3665 1313 3706 uxor
1331 3645 1496 3728 Stephani,

234 3753 398 3834 quandam
423 3771 514 3813 suam
539 3751 670 3812 totalem
705 3751 892 3831 porcionem
925 3750 1052 3828 domus,
1081 3749 1183 3830 fundi,
1216 3751 1390 3830 celariique
1423 3754 1496 3812 sub·

232 3859 366 3920 terranei
393 3872 424 3920 et
448 3857 671 3919 hedificiorum
698 3857 727 3916 in
758 3857 898 3937 quadam
931 3857 1030 3917 domo
1056 3871 1179 3918 murata
1205 3872 1234 3918 et
1260 3855 1360 3919 luudo
1385 3877 1420 3918 ac
1447 3878 1496 3918 ce-

231 3965 310 4026 lario
336 3979 366 4026 et
392 3962 548 4024 hedificiis
574 3964 655 4024 inter
680 3963 794 4024 domos
819 3977 849 4023 et
881 3960 998 4023 fundos
1025 3963 1188 4025 Benedicti
1222 3963 1277 4024 filii
1306 3964 1440 4048 Gyvvani
1468 3980 1497 4024 et

231 4071 406 4132 liberorum
424 4070 561 4132 condam
589 4070 679 4130 Pauli
699 4067 753 4129 filii
780 4069 909 4130 Andree
935 4069 973 4130 de
992 4069 1096 4130 Turre
1115 4069 1231 4148 habite,
1258 4090 1353 4132 unam
1373 4071 1494 4132 scilicet

231 4193 374 4257 quartam
408 4177 494 4239 curie
528 4177 559 4237 in
588 4196 621 4237 se
647 4175 859 4252 retinentem,
892 4173 1021 4236 Matheo
1054 4175 1157 4254 jurato
1190 4191 1298 4237 nostro
1336 4177 1493 4238 moderno

230 4281 296 4344 filio
329 4283 485 4345 Johaunis
527 4282 613 4343 dicto
647 4281 866 4363 Kerzowaych
900 4301 958 4363 pro
991 4302 1108 4343 novem
1141 4282 1209 4343 flor.
1243 4283 1310 4344 auri
1348 4283 1494 4344 vendidit

229 4404 384 4472 perpetuo
408 4389 638 4473 possidendam
664 4401 694 4448 et
726 4388 898 4470 superinde
931 4403 976 4448 est
1001 4389 1091 4450 litera
1123 4391 1182 4450 sub
1208 4391 1360 4471 pendenti
1387 4389 1494 4469 sigillo

230 4496 469 4557 communitatis
491 4495 734 4577 privilegialiter
758 4508 916 4557 emanata.
1252 4493 1255 4500 ’
