3832 5804
774 559 859 615 Anno
883 568 975 635 1452.
1457 575 1515 636 ¹39

255 661 448 669 ——-

188 765 192 772 '
254 767 329 828 Jure
362 787 420 849 pro
453 769 596 850 quinque
629 767 699 830 lior.
739 768 805 830 auri
847 768 993 830 vendidit
1029 781 1185 850 perpetuo
1226 768 1454 849 possidendam
1486 783 1516 831 et

253 874 425 956 superinde
449 891 496 936 est
521 875 610 936 litera
634 876 693 936 sub
717 875 870 956 pendenti
903 875 1011 955 sigillo
1036 874 1275 935 communitatis
1299 889 1455 938 emanata.

359 999 437 1061 ltem
462 1000 614 1062 Nicolaus
638 1015 727 1062 sutor
751 999 836 1062 filios
861 999 1015 1082 Stephani
1041 999 1247 1061 medietatem
1272 999 1438 1061 cuiusdam
1456 999 1512 1061 do-

252 1126 324 1168 mus
349 1121 472 1168 mutate
490 1121 521 1168 et
545 1105 636 1168 fundi
661 1127 697 1168 ae
714 1105 937 1168 hedificiorum
964 1107 1097 1168 indicta
1123 1106 1250 1167 civitate
1275 1107 1357 1168 inter
1381 1107 1515 1168 domum

252 1212 398 1273 similiter
422 1227 579 1274 muratam
602 1225 632 1275 et
649 1211 786 1274 fundum
810 1213 938 1274 Andree
964 1227 994 1274 et
1012 1211 1161 1292 Gregorii
1186 1210 1327 1274 filiorum
1353 1213 1515 1297 Symonis‚

251 1339 267 1379 a
292 1318 483 1397 meridione‚
508 1333 539 1380 et
563 1319 645 1381 inter
670 1317 807 1381 fundum
833 1335 863 1380 et
880 1320 1014 1380 domum
1040 1319 1149 1380 relicte
1174 1319 1311 1380 condam
1336 1319 1421 1380 lwttn
1446 1319 1515 1382 lite·

250 1425 320 1503 rati,
345 1446 361 1486 a
386 1426 615 1506 septemtrione
649 1424 757 1488 habite
783 1440 813 1488 et
846 1426 1019 1505 existentis,
1054 1446 1149 1487 unam
1185 1439 1331 1486 octavam
1356 1426 1442 1488 curie
1475 1426 1515 1486 ad

250 1551 343 1592 usum
369 1531 506 1594 civitatis
530 1529 651 1613 prefate
676 1533 708 1593 in
734 1553 765 1594 se
791 1533 1022 1610 continentem,
1052 1531 1186 1593 domino
1213 1532 1313 1594 Paulo
1338 1532 1514 1614 presbitero

250 1636 317 1699 filio
342 1638 475 1699 Fabiani
501 1639 627 1700 concivi
652 1653 682 1700 et
706 1638 917 1700 cohabitatori
943 1653 1052 1699 nostro
1071 1657 1129 1720 pro
1154 1638 1376 1700 celebracione
1403 1639 1513 1699 missa·

251 1765 320 1808 rutu
346 1766 404 1829 pro
429 1746 598 1807 animabus
631 1745 831 1828 Margarethe
864 1745 1008 1808 mulieris
1041 1764 1150 1806 socrus
1182 1745 1280 1826 ipsius
1313 1745 1438 1806 Nicolai
1463 1764 1513 1805 su·

248 1855 326 1915 toris
350 1868 380 1916 et
404 1853 666 1935 predecessorum
691 1854 790 1934 ipsius
815 1853 903 1914 dedit
928 1867 1083 1934 perpetuo
1108 1852 1350 1934 possidendam.

356 1977 434 2038 ltem
460 1977 558 2038 Lucia
584 1977 693 2039 relicta
727 1977 865 2038 condam
899 1977 997 2038 sslasii
1030 1977 1169 2057 agricole
1201 1975 1258 2036 filii
1285 1975 1447 2037 Valentini
1474 1977 1514 2037 de

252 2083 426 2166 Mraczlyn,
451 2083 613 2164 quandam
638 2084 772 2144 domum
795 2103 884 2144 suant
903 2083 999 2144 simul
1025 2103 1098 2144 cum
1116 2081 1217 2144 fundo
1241 2102 1277 2142 ac
1302 2081 1458 2142 hedificiis
1482 2083 1514 2142 in

250 2191 333 2252 dicta
358 2191 486 2252 civitate
519 2191 600 2252 inter
633 2191 768 2252 domum
800 2190 956 2252 Anthonii
993 2187 1075 2252 fabri
1109 2203 1140 2252 et
1174 2189 1352 2252 Clementis
1375 2189 1514 2269 agricole

250 2297 402 2376 habitam,
427 2296 567 2358 mediam
592 2296 713 2358 curiam
737 2295 778 2357 ad
803 2316 895 2357 usum
921 2297 1057 2357 civitatis
1085 2295 1207 2378 prefate
1234 2295 1264 2355 in
1289 2315 1322 2356 se
1346 2295 1514 2358 continen-

249 2419 324 2482 tern,
351 2403 541 2464 Sebastiano
566 2401 633 2464 filio
659 2401 813 2485 Stephani
839 2403 877 2464 de
905 2402 1007 2480 Blato,
1042 2421 1127 2464 novo
1160 2401 1285 2462 concivi
1312 2417 1432 2479 nostro,
1456 2421 1514 2484 pro

252 2511 397 2591 quinque
423 2509 491 2573 flor.
517 2511 585 2570 auri
610 2509 756 2570 vendidit
780 2525 935 2592 perpetuo
949 2510 1176 2591 possidendam
1194 2529 1231 2569 ex
1256 2525 1412 2598 consensu
1437 2508 1514 2570 vici·

251 2634 365 2678 norum
391 2616 608 2699 predictorum
634 2629 665 2676 et
688 2615 861 2698 superinde
889 2631 935 2677 est
959 2616 1017 2676 sibi
1043 2617 1134 2678 litera
1147 2617 1206 2678 snb
1225 2615 1377 2698 pendenti
1402 2615 1511 2696 sigillo

252 2722 501 2785 communitatis.

356 2847 434 2909 Item
459 2847 590 2908 domina
615 2851 708 2909 Anna
734 2847 843 2909 relicta
865 2848 1003 2910 condam
1022 2848 1183 2910 Dominici
1208 2847 1265 2910 filii
1292 2847 1429 2910 condam
1455 2849 1514 2910 La-

251 2953 343 3014 dislai
368 2953 444 3015 dicti
477 2953 557 3032 Lati,
590 2954 794 3016 medietatem
827 2937 994 3016 c⁸uiusdam
1027 2955 1120 3016 vinee
1153 2969 1184 3016 et
1216 2951 1308 3016 fundi
1333 2955 1515 3016 sessionalis

250 3062 308 3122 sub
334 3061 447 3123 eadem
473 3061 566 3122 vinea
600 3061 710 3139 habiti,
744 3061 776 3122 in
804 3061 966 3123 territorio
998 3075 1107 3124 nostro
1139 3081 1196 3124 seu
1228 3061 1364 3124 civitatis
1394 3060 1515 3145 prefate

251 3167 332 3229 inter
356 3167 483 3229 vineam
509 3165 729 3230 Bartholomei
754 3181 785 3230 et
810 3167 958 3250 Dyonisii
991 3167 1133 3230 filiorum
1160 3169 1297 3231 condam
1324 3169 1414 3231 Pauli
1439 3169 1515 3232 dicti

251 3273 477 3358 Pawlrowych,
501 3277 541 3336 ab
566 3275 744 3354 occidente,
769 3289 801 3338 et
818 3276 915 3338 Elasii
933 3276 1075 3357 agricole
1092 3275 1149 3338 lilii
1167 3277 1293 3338 Nicolai
1311 3275 1386 3338 dicti
1405 3276 1515 3355 Perak,

253 3382 292 3442 ab
317 3381 439 3443 oriente
465 3379 572 3442 habite
603 3396 633 3442 et
665 3381 839 3460 existentis,
871 3401 907 3443 ac
938 3397 1094 3444 terrarum
1126 3383 1295 3446 arabilium
1322 3397 1353 3444 et
1384 3381 1515 3462 virgulti

254 3487 313 3548 sibi
339 3485 542 3568 subjacentis,
574 3488 614 3548 ab
646 3487 838 3549 occidentali
869 3501 956 3570 parte
989 3488 1082 3550 sitam
1115 3503 1145 3550 et
1177 3488 1388 3569 adjacentem,
1414 3487 1514 3550 Paulo

253 3592 393 3673 agricole
417 3591 486 3654 filio
511 3593 639 3654 Thome
665 3607 695 3655 et
720 3593 894 3655 Katherine
911 3592 976 3656 filie
1000 3594 1137 3656 condam
1157 3593 1292 3676 Agnetis
1308 3593 1373 3656 filie
1398 3593 1511 3677 prelati

251 3697 403 3777 Ladislai‚
428 3699 547 3780 legavit
578 3713 734 3782 perpetuo
762 3699 990 3782 possidendam
1014 3716 1044 3762 et
1073 3701 1245 3784 superinde
1270 3715 1316 3762 est
1339 3701 1430 3762 litera
1455 3703 1514 3763 sub

250 3804 403 3886 pendenti
427 3800 535 3886 sigillo
560 3807 800 3868 communitatis
824 3821 980 3870 emanata.

356 3929 434 3990 ltem
460 3929 592 3991 domina
617 3929 731 3992 Vrsula
756 3929 821 3993 filia
845 3932 982 3993 condam
1008 3932 1175 3994 Michaelis
1208 3931 1334 4013 judicis,
1359 3931 1515 4014 quasdam

251 4049 314 4097 tres
345 4055 417 4098 suas
450 4036 607 4098 sessiones
638 4036 860 4118 jobagionales
894 4039 926 4100 in
951 4039 1112 4101 territorio
1150 4053 1259 4100 nostro
1285 4039 1316 4100 in
1351 4039 1427 4100 villa
1454 4039 1513 4102 Po·

253 4144 364 4227 bresya
389 4163 491 4226 prope
515 4144 644 4206 Zawam
668 4165 724 4207 seu
756 4144 891 4207 fluvium
917 4146 1011 4207 Zawe
1044 4147 1126 4208 inter
1158 4147 1236 4208 alias
1259 4147 1418 4209 sessiones
1441 4167 1514 4209 suas

250 4249 472 4332 jobagionales
495 4270 533 4312 ert
558 4266 692 4332 utraque
717 4266 806 4334 parte
830 4253 906 4314 sitas
932 4269 965 4314 et
988 4254 1169 4332 existentes,
1202 4273 1275 4315 cum
1298 4253 1389 4315 terris
1412 4255 1513 4316 arabi·

251 4359 335 4420 libus
360 4357 523 4442 Delnycze
548 4373 579 4421 et
611 4359 838 4443 Srebynnycze
870 4360 1001 4438 vocatis,
1034 4381 1070 4422 ac
1103 4359 1265 4440 fenilibus,
1297 4361 1459 4443 pratisque
1484 4375 1515 4423 et

250 4465 375 4547 pascuis
399 4485 435 4528 ac
459 4465 530 4527 aliis
554 4466 677 4528 cunctis
694 4467 834 4548 ipsarum
853 4467 1044 4528 utilitatibus
1069 4481 1099 4528 et
1116 4467 1323 4548 pertinenciis
1347 4468 1513 4547 universis,

252 4573 360 4634 Marco
384 4571 453 4634 filio
478 4572 633 4634 Johannis
658 4573 697 4634 de
723 4573 843 4636 Chawa
869 4593 927 4656 pro
959 4573 1071 4654 viginti
1097 4571 1166 4635 flor.
1200 4575 1268 4634 auri
1294 4594 1330 4636 ex
1355 4594 1513 4637 consensu

251 4679 342 4740 Pauli
367 4676 518 4741 aurifabri
542 4678 636 4761 jurati
662 4680 761 4742 nostri
786 4680 933 4742 moderni
951 4679 1009 4740 viri
1035 4680 1083 4740 sui
1101 4677 1249 4760 legittimi
1267 4681 1414 4742 vendidit
1434 4701 1512 4768 per-

251 4799 347 4869 petuo
378 4785 588 4867 possidendas
612 4799 644 4847 et
667 4786 839 4868 superinde
864 4801 911 4847 est
942 4786 1001 4846 sibi
1031 4785 1121 4846 litera
1145 4787 1204 4846 sub
1229 4785 1380 4868 pendenti
1405 4787 1513 4868 sigillo

251 4893 492 4954 communitatis
521 4905 677 4954 emanata.
