3854 5798
800 549 886 606 Anno
908 545 1003 626 1469.

270 763 412 826 minibus
436 775 467 823 et
489 761 521 822 in
537 759 693 842 personis,
717 760 756 820 ad
783 773 923 822 nostram
942 761 1153 842 personaliter
1178 761 1311 824 veniens
1335 765 1532 845 presenciam

267 869 432 933 confessus
456 882 503 930 est
526 867 559 928 in
584 865 668 927 hunc
694 865 840 945 modum,
864 881 899 928 ut
932 868 999 949 ipse
1024 868 1179 949 quasdam
1215 869 1293 930 duas
1317 873 1534 950 possessiones

268 991 298 1040 et
320 975 492 1059 porciones
515 972 784 1056 possessionarias
801 973 939 1035 condam
957 974 1076 1036 nobilis
1093 975 1153 1036 viri
1172 975 1270 1036 Marci
1296 975 1352 1038 filii
1379 978 1534 1039 Johannis

267 1086 306 1147 de
331 1083 452 1147 Chawa
476 1080 554 1142 olim
581 1079 723 1141 concivis
747 1080 846 1142 nostri
872 1079 1100 1161 infrascriptos,
1125 1083 1231 1164 primo
1255 1083 1406 1146 videlicet
1430 1087 1532 1167 quod·

267 1191 341 1252 dam
365 1188 527 1272 palacium
553 1206 610 1248 seu
635 1185 768 1247 domum
790 1200 950 1248 muratam
975 1188 1070 1249 sirnul
1088 1207 1161 1250 cunr
1187 1187 1296 1250 fundis
1321 1203 1351 1251 et
1376 1189 1532 1252 hedificiis

265 1311 330 1360 tarn
355 1294 475 1378 lapidei
500 1311 598 1375 quam
623 1291 723 1373 lignei
747 1291 854 1374 operis
879 1292 958 1354 inibi
984 1295 1174 1356 constructis
1203 1309 1234 1357 et
1257 1294 1532 1378 superhedificatis

268 1404 300 1465 in
326 1401 453 1464 civitate
478 1399 620 1483 predicta
645 1417 746 1480 prope
778 1412 809 1459 et
840 1411 925 1460 retro
956 1399 1112 1482 capellam
1140 1401 1230 1462 beate
1265 1401 1438 1463 Katherine
1470 1404 1530 1464 vir·

264 1509 348 1591 ginis
371 1528 407 1570 ac
432 1507 514 1569 inter
538 1506 672 1567 domurn
704 1517 735 1566 et
767 1502 904 1565 lundurn
937 1504 1113 1567 liberorum
1146 1506 1285 1568 condam
1317 1508 1436 1570 nobilis
1469 1510 1530 1570 viri

265 1615 415 1697 Gregorii
440 1613 480 1675 de
504 1613 689 1689 Wrnowcz,
714 1611 754 1671 ab
774 1629 836 1671 una
861 1623 961 1692 parte,
987 1613 1026 1672 ab
1044 1611 1143 1673 altera
1160 1626 1250 1694 parte
1275 1613 1357 1676 inter
1382 1615 1528 1694 domurn,

264 1721 401 1783 fundum
426 1733 456 1782 et
480 1717 636 1800 (h)ortum
661 1715 795 1798 provide
829 1716 974 1778 mulieris
1006 1717 1120 1779 Vrsula
1154 1733 1264 1780 vocate
1290 1721 1446 1782 consortis
1470 1721 1529 1782 viri

264 1827 389 1911 providi
415 1825 543 1888 Thome
568 1823 698 1885 sartoris
714 1822 850 1884 senioris
867 1821 960 1903 jurati
987 1838 1017 1886 et
1034 1824 1176 1886 concivis
1200 1826 1299 1886 nostri
1326 1826 1528 1909 Magdychna

263 1934 358 2012 dicte,
382 1931 529 1994 similiter
553 1929 734 1992 concivium
753 1942 948 2008 nostrorum,
972 1949 1008 1991 ac
1026 1930 1108 1992 inter
1131 1931 1216 1992 viam
1242 1951 1449 1994 communem
1474 1933 1527 1994 ha-

263 2041 364 2103 bitam
389 2053 420 2101 et
451 2039 651 2114 existentem,
683 2054 777 2097 muro
809 2035 892 2096 dicte
926 2035 1062 2098 civitatis
1093 2035 1319 2116 adherentem,
1351 2039 1430 2100 duas
1454 2059 1525 2101 cum

263 2146 368 2208 media
393 2145 497 2208 curias
521 2143 561 2205 ad
586 2161 679 2204 usum
698 2141 781 2204 dicte
806 2141 942 2204 civitatis
960 2143 990 2203 in
1008 2162 1041 2204 se
1072 2143 1307 2221 continentem;
1333 2145 1409 2207 item
1427 2166 1527 2228 quen-

262 2253 337 2314 dam
362 2251 518 2334 (hlortum
542 2251 574 2312 in
607 2248 764 2310 suburbio
796 2248 880 2309 dicte
912 2249 1050 2311 civitatis
1081 2264 1174 2312 etex
1205 2251 1356 2332 opposito
1382 2252 1526 2315 eiusdem

261 2360 376 2443 palacii
401 2373 432 2421 et
456 2358 572 2419 domus
596 2369 730 2435 mutate,
756 2375 791 2418 ac
816 2356 897 2417 inter
922 2355 1068 2436 domum,
1086 2355 1289 2439 fundumque
1315 2373 1345 2420 et
1368 2357 1524 2442 (hlorturn

262 2466 389 2527 discreti
413 2464 472 2526 viri
497 2463 622 2524 domini
649 2461 799 2542 Gregorii
832 2461 999 2544 presbiteri
1025 2463 1090 2524 nati
1124 2463 1278 2546 Stephani
1311 2465 1350 2526 de
1376 2467 1525 2549 Ztopnyk

261 2571 391 2654 plebani
414 2569 547 2632 ecclesie
568 2569 661 2630 beate
679 2567 779 2629 Marie
796 2568 930 2649 virginis
947 2569 978 2629 in
1006 2569 1150 2652 Reznylr,
1168 2589 1203 2631 ac
1221 2571 1355 2652 provide
1382 2573 1526 2636 mulieris

262 2677 367 2741 Clara.
381 2689 493 2738 vocate
517 2674 583 2737 filie
605 2675 724 2737 sororis
736 2675 841 2756 ipsius
865 2674 989 2737 domini
1008 2673 1170 2757 Gregorii,
1187 2695 1245 2738 nec
1270 2697 1334 2739 non
1360 2679 1524 2742 Benedicti

261 2784 365 2846 mariti
389 2783 489 2866 ipsius
513 2781 609 2845 Clare
633 2781 748 2843 sororii
780 2781 880 2862 ipsius
912 2781 1037 2842 domini
1070 2780 1231 2863 Gregorii,
1256 2785 1296 2845 ab
1320 2785 1456 2865 oriente,
1489 2807 1525 2849 ac

258 2997 331 3059 liter
355 2995 538 3058 concivium
563 3008 758 3072 nostrorum,
782 2995 822 3055 ab
839 2993 1006 3055 occidente
1026 2993 1171 3056 habitum
1196 3008 1227 3056 et
1251 2997 1451 3076 existentem,
1469 2999 1523 3061 de·

259 3122 354 3185 super
378 3122 395 3163 a
419 3102 470 3163 via
495 3099 672 3178 communi,
696 3099 748 3160 via
771 3119 788 3160 a
820 3100 1050 3183 septemtrione
1068 3101 1237 3164 existente
1261 3116 1292 3164 et
1315 3102 1396 3165 infra
1423 3124 1524 3185 usque

260 3209 357 3271 aliam
381 3209 466 3270 viam
484 3225 691 3269 communem
716 3227 732 3267 a
751 3206 930 3268 meridione
947 3205 1091 3270 habitam
1115 3227 1148 3268 se
1166 3208 1400 3288 extendentem,
1418 3211 1522 3292 ipsum

258 3315 380 3377 scilicet
413 3315 557 3377 Marcum
680 3331 737 3394 per
767 3311 906 3374 eundem
940 3313 1083 3374 Marcum
1117 3333 1153 3374 ac
1185 3314 1323 3376 condam
1356 3315 1521 3378 dominam

260 3421 409 3484 Vrsulam
434 3435 464 3482 et
489 3419 691 3481 Hermanum
708 3415 810 3480 filium
829 3418 929 3499 ipsius
953 3419 1089 3480 condam
1109 3420 1208 3481 Marci
1226 3421 1346 3482 eisdem
1373 3421 1523 3484 fratribus

261 3541 292 3590 et
316 3527 404 3589 dicto
428 3525 624 3588 monasterio
640 3525 833 3606 legatorum,
850 3525 947 3586 simul
965 3544 1037 3586 curn
1055 3526 1207 3586 omnibus
1223 3527 1411 3589 eorumdem
1437 3529 1524 3591 utili-

260 3633 379 3696 tatibus
403 3632 533 3715 egregio
558 3630 718 3712 Gregorio
745 3629 885 3692 Bradacz
909 3630 995 3692 dicto
1031 3631 1199 3714 capitaneo
1224 3633 1316 3694 castri
1343 3634 1521 3696 Nandoral·

260 3739 366 3802 bensis
399 3736 467 3800 filio
500 3737 637 3800 condam
671 3736 794 3798 Nicolai
830 3735 869 3796 de
904 3735 1101 3798 Ladomercz
1133 3755 1169 3798 ac
1200 3738 1365 3798 nobilibus
1390 3739 1521 3801 domine

262 3845 436 3908 Katherina
459 3858 572 3907 vocate
604 3843 755 3920 consorti,
788 3861 846 3904 nec
882 3862 946 3904 non
980 3842 1144 3926 Stephano
1177 3857 1208 3904 et
1241 3844 1420 3905 Laurencio
1446 3843 1519 3907 liliis

259 3951 415 4031 eiusdem,
440 3952 516 4013 item
541 3950 672 4012 domine
703 3947 865 4010 Dorothee
896 3950 998 4010 sorori
1031 3947 1176 4010 eiusdem
1201 3948 1350 4031 Gregorii
1377 3950 1518 4012 Bradacz

259 4058 367 4121 relicte
391 4058 528 4120 condam
555 4055 674 4118 Berdar
692 4069 722 4117 et
747 4054 911 4136 Stephano
934 4053 1002 4117 filio
1019 4055 1162 4117 eiusdem
1187 4055 1318 4117 domine
1339 4057 1514 4136 Dorothee,

257 4163 466 4246 ipsorumque
499 4163 671 4226 heredibus
702 4181 760 4244 pro
792 4161 977 4243 octuaginta
1007 4162 1076 4224 flor.
1105 4162 1174 4224 auri
1198 4162 1269 4244 puri
1302 4177 1335 4224 ut
1361 4162 1423 4243 jam
1459 4214 1466 4227 .
1512 4213 1518 4228 .

257 4270 443 4332 concivibus
467 4271 583 4332 nostris
606 4268 752 4330 vendidit
775 4281 806 4330 et
830 4268 967 4330 contulit
990 4267 1057 4350 jure
1087 4283 1242 4352 perpetuo
1267 4283 1298 4333 et
1322 4271 1516 4333 irrevocabi-

255 4375 329 4438 liter
352 4376 507 4438 tenendas
524 4395 560 4437 ac
584 4375 670 4457 juxta
702 4374 927 4436 condicionem
946 4374 1029 4436 dicte
1047 4375 1182 4436 civitatis
1207 4376 1516 4457 quomodocumque

255 4481 394 4544 voluerit
418 4481 644 4564 disponendas.
675 4481 792 4542 Datum
817 4481 850 4542 in
880 4478 961 4542 lesto
979 4483 1070 4543 beate
1094 4481 1195 4542 Marie
1213 4481 1414 4562 Magdalene,
1432 4501 1517 4543 anno

255 4588 449 4671 supradicto.
