3854 5798
406 515 468 596 276
935 517 1022 574 Am
1044 491 1138 593 1469.

404 739 489 788 extra
515 727 640 788 Novam
658 741 783 809 portam
801 727 833 788 in
852 727 1015 789 territorio
1039 727 1123 789 dicte
1140 727 1276 789 civitatis
1293 727 1376 790 inter
1391 729 1491 791 alium
1510 729 1668 810 (h)ortum

404 834 593 896 eorumdem
618 833 750 895 domine
774 833 950 896 Karberine
975 848 1006 896 et
1023 834 1178 896 Johannis
1202 832 1259 896 lilii
1278 835 1338 914 sui,
1363 837 1403 896 ab
1426 855 1491 897 una
1515 837 1669 898 videlicet

403 960 420 1000 a
444 940 698 1021 septemtrionali
723 953 824 1022 parte,
849 942 889 1001 ab
913 940 1013 1002 altera
1044 959 1121 1002 vero
1145 959 1244 1022 penes
1268 938 1426 1002 fossatum
1450 954 1557 1004 nostre
1581 961 1670 1004 com·

403 1046 568 1107 munitatis
591 1045 742 1108 videlicet
765 1067 783 1107 a
810 1046 1015 1109 meridionali
1040 1060 1130 1128 parte
1160 1045 1307 1108 habitum
1332 1062 1362 1109 et
1386 1049 1587 1128 existentem,
1611 1047 1667 1110 de·

402 1171 497 1234 super
520 1172 537 1213 a
562 1153 613 1214 via
638 1171 754 1234 magna
778 1166 810 1214 et
834 1152 1011 1231 communi,
1036 1152 1076 1213 ab
1093 1152 1272 1231 occidente,
1297 1167 1328 1215 et
1352 1151 1432 1216 inira
1456 1173 1559 1236 usque
1582 1154 1668 1215 viam

402 1279 458 1320 seu
482 1259 627 1320 semitam
653 1276 860 1320 communem
884 1277 982 1340 penes
1014 1257 1150 1319 fluvium
1185 1273 1329 1321 nostrum
1362 1279 1570 1322 communem
1594 1259 1667 1321 Pre-

401 1366 476 1426 tolra
500 1364 621 1426 dictum
647 1363 804 1443 habiturn,
827 1365 968 1426 mediam
992 1365 1114 1426 curiam
1139 1364 1179 1425 ad
1197 1385 1291 1426 usum
1316 1365 1400 1427 dicte
1423 1366 1560 1428 civitatis
1583 1367 1615 1428 in
1631 1387 1665 1428 se

401 1471 631 1549 continentem,
656 1470 793 1532 discreto
818 1471 889 1532 viro
913 1471 1048 1532 domino
1082 1471 1221 1532 lohanui
1254 1473 1431 1554 presbitero
1455 1470 1523 1534 filio
1548 1473 1666 1535 Valen-

400 1577 460 1638 tini
487 1576 722 1638 Markaodanth
740 1575 828 1656 dicti,
852 1577 987 1638 senioris
1010 1577 1104 1658 jurati
1122 1590 1153 1638 et
1182 1577 1324 1639 concivis
1347 1578 1458 1656 nostri,
1476 1579 1583 1640 eidem
1607 1579 1664 1640 do·

403 1684 490 1744 mine
514 1698 545 1744 et
570 1683 708 1744 iohanni
733 1683 828 1765 plene
853 1683 942 1744 dedit
966 1697 998 1745 et
1018 1683 1182 1765 persolvit,
1206 1684 1256 1745 cui
1274 1684 1347 1745 data
1372 1698 1419 1746 est
1441 1685 1532 1746 litera
1557 1700 1664 1748 nostre

400 1790 643 1851 communitatis
667 1788 878 1872 privilegialis
899 1789 967 1870 jure
985 1803 1142 1872 perpetuo
1165 1791 1355 1870 tenendum,
1379 1791 1612 1872 possidendum
1637 1807 1667 1854 et

401 1897 712 1978 quomodocumque
726 1897 865 1958 voluerit
882 1896 1140 1979 disponendum
1161 1911 1245 1958 mete
1267 1916 1344 1958 vero
1361 1897 1553 1960 eorumdem
1571 1898 1666 1980 (blor-

402 2016 508 2064 torum
534 2002 614 2064 tales
637 2018 729 2064 sunt:
754 2002 842 2083 quod
867 2003 970 2084 prima
1002 2016 1088 2064 meta
1122 2002 1235 2084 incipit
1259 2002 1396 2085 desuper
1429 2019 1560 2085 aparte
1585 2005 1665 2066 occi·

400 2108 521 2170 dentali
547 2129 563 2168 a
588 2108 729 2189 predicta
753 2108 803 2169 via
828 2107 993 2170 communi
1018 2121 1049 2170 et
1072 2107 1160 2168 vadit
1177 2107 1251 2169 inde
1277 2128 1334 2190 per
1353 2123 1472 2170 metam
1497 2110 1579 2172 inter
1596 2130 1663 2172 eos·

399 2214 473 2276 dem
499 2215 635 2296 (blortos
659 2229 690 2276 et
713 2215 861 2297 pervenit
888 2214 928 2276 ad
962 2214 1126 2296 quandam
1159 2215 1306 2276 arborem
1339 2217 1430 2277 nucis
1454 2217 1575 2278 eisdem
1600 2238 1662 2279 am·

399 2322 500 2382 babus
525 2322 667 2403 partibus
690 2322 907 2383 communiter
931 2321 1165 2383 deservientem
1190 2334 1222 2384 et
1238 2341 1296 2403 pro
1327 2336 1411 2385 meta
1435 2323 1585 2402 locatam,
1609 2326 1663 2386 ab·

399 2427 473 2488 hinc
498 2428 632 2488 ulterius
648 2429 688 2488 ad
706 2441 829 2509 partem
846 2427 1037 2489 orientalem
1054 2426 1262 2508 procedendo
1279 2429 1424 2510 pervenit
1440 2429 1479 2490 ad
1498 2431 1660 2510 quandam

397 2535 546 2594 arborem
570 2534 685 2615 persici
720 2533 842 2594 eisdem
875 2533 1019 2614 partibus
1052 2533 1213 2611 metalem,
1246 2533 1363 2595 deinde
1395 2535 1531 2597 ulterius
1555 2556 1664 2618 proce·

398 2639 506 2702 dendo
531 2639 571 2700 ad
597 2639 733 2700 eandem
759 2653 881 2721 partem
907 2639 1097 2701 orientalem
1123 2637 1205 2700 infra
1238 2659 1295 2722 per
1318 2655 1437 2703 metam
1462 2657 1494 2704 et
1516 2643 1664 2724 pervenit

398 2765 498 2828 usque
523 2747 700 2828 predictam
725 2747 873 2808 semitam
906 2765 1006 2828 penes
1030 2743 1188 2828 prefatum
1221 2745 1355 2808 fluvium
1381 2747 1518 2810 Pretoka
1543 2748 1662 2810 dictum

397 2854 451 2914 ubi
477 2867 562 2914 mete
586 2854 810 2916 terminantur.

506 2959 603 3034 Quod
628 2961 703 3042 quia
729 2960 885 3022 Martinus
903 2958 990 3021 filius
1015 2959 1121 3022 Tharr
1144 2961 1252 3022 senior
1274 2961 1369 3043 judex
1401 2960 1484 3022 dicte
1516 2961 1663 3040 civitatis,

397 3065 536 3147 (vineam
561 3073 664 3144 suam)
688 3067 770 3128 inter
793 3067 922 3128 vineam
947 3086 1037 3128 suam
1076 3067 1108 3128 in
1133 3067 1296 3130 territorio
1320 3080 1431 3129 nostro
1456 3081 1487 3129 et
1511 3068 1594 3129 inter
1617 3067 1661 3129 vi·

397 3193 473 3232 neas
498 3172 653 3232 Anthonii
678 3173 815 3234 senioris
838 3172 954 3254 judicia
977 3187 1008 3234 et
1032 3173 1175 3234 concivis
1192 3173 1291 3234 nostri
1316 3171 1374 3234 lilii
1400 3172 1540 3251 Thome,
1558 3193 1575 3234 a
1593 3192 1658 3255 sep·

395 3278 578 3356 temtrione,
604 3292 635 3340 et
660 3277 793 3360 Georgii
818 3279 949 3340 sartoris
973 3279 1180 3362 Jelowchych
1199 3279 1275 3340 dicti
1300 3299 1317 3340 a
1341 3293 1430 3361 parte
1455 3279 1660 3341 meridionali

396 3384 538 3445 habitam
563 3399 593 3446 et
611 3385 810 3464 existentem,
836 3383 1114 3469 Gywanowschalr
1131 3399 1288 3464 vocatam,
1307 3385 1444 3468 desuper
1464 3405 1482 3447 a
1506 3385 1557 3446 via
1574 3404 1660 3447 com-

396 3491 486 3551 muni
511 3511 626 3571 magna
651 3493 691 3552 ab
715 3492 839 3554 oriente
863 3491 971 3552 habita
996 3504 1027 3552 et
1049 3489 1132 3553 infra
1160 3510 1263 3572 usque
1287 3491 1440 3570 rivulum,
1465 3491 1562 3553 simul
1587 3511 1660 3553 cum

396 3597 535 3681 virgulto
562 3597 667 3658 eidem
693 3598 785 3658 vinee
813 3596 991 3678 subjacenti
1024 3597 1129 3679 ipsum
1155 3597 1330 3660 Martinum
1363 3597 1504 3678 judicem
1529 3617 1546 3659 a
1572 3598 1659 3659 Luca

395 3715 515 3764 sartote
549 3700 617 3763 filio
651 3703 806 3764 Johannis
838 3702 1068 3786 Galichewych
1102 3703 1177 3766 dicti
1210 3703 1250 3764 de
1282 3704 1381 3764 veteri
1414 3702 1570 3788 Chychau
1601 3723 1660 3786 pro

395 3809 535 3889 quadam
562 3809 623 3870 alia
649 3810 743 3872 vinea
767 3829 824 3871 sua
848 3830 905 3892 per
929 3810 1064 3871 modum
1095 3811 1347 3892 permutacionis
1370 3810 1467 3871 simul
1491 3829 1566 3871 cum
1590 3829 1658 3872 om·

395 3916 489 3976 nibus
514 3931 585 3994 etc,
611 3917 748 3978 discreto
773 3918 841 3978 viro
866 3917 1001 3978 domino
1025 3916 1164 3978 Jolranni
1196 3917 1373 3998 presbitero
1403 3915 1472 3978 filio
1495 3916 1658 3979 Valentini

394 4022 629 4084 Markandanth
654 4023 729 4084 dicti
763 4023 802 4084 de
834 4024 1008 4085 Wrbovvcz
1040 4023 1176 4085 senioris
1208 4022 1302 4104 jurati
1331 4037 1362 4085 et
1393 4023 1535 4085 concivis
1558 4023 1657 4084 nostri

393 4149 450 4211 pro
476 4131 588 4192 decem
613 4145 644 4191 et
667 4143 788 4212 septem
807 4130 877 4192 llor.
902 4131 971 4193 auri
993 4129 1190 4192 vendidisset
1208 4130 1308 4191 immo
1331 4129 1479 4192 vendidit
1502 4129 1571 4211 jure
1586 4149 1657 4212 per-

393 4250 490 4318 petuo
515 4251 574 4298 etc.
600 4237 784 4315 tenendam,
809 4237 1038 4319 possidendam
1064 4237 1181 4319 pariter
1205 4249 1236 4299 et
1260 4235 1454 4299 habendam.

499 4345 546 4404 De
563 4364 649 4405 anno
667 4345 799 4406 Domini
818 4345 992 4406 millesimo
1009 4344 1330 4427 quadringentesimo
1342 4344 1542 4426 sexagesimo
1558 4363 1656 4420 nono,

390 4463 536 4531 tempore
561 4450 721 4530 judicatus
745 4451 871 4533 providi
892 4465 922 4513 et
940 4452 1160 4533 circumspecti
1179 4451 1238 4513 viri
1257 4450 1422 4512 Benedicti
1439 4449 1497 4511 filii
1523 4448 1656 4530 Georgii

391 4555 506 4636 judicis
531 4557 629 4617 nostri
656 4557 816 4636 moderni,
840 4558 1036 4619 venerabilis
1067 4571 1097 4619 et
1125 4557 1295 4638 religiosus
1327 4557 1374 4618 vir
1399 4555 1495 4618 irater
1520 4555 1656 4617 Michael

390 4683 477 4724 sacre
502 4662 686 4743 Theologie
711 4663 812 4724 lector
845 4664 933 4746 prior
966 4664 1095 4726 claustri
1119 4683 1155 4726 ac
1187 4677 1365 4726 conventus
1396 4661 1583 4725 monasterii
1606 4681 1656 4723 ec·

390 4769 484 4830 clesie
509 4770 592 4830 beati
618 4769 744 4831 Nicolai
770 4769 973 4849 confessoris,
991 4771 1113 4835 ordinis
1130 4771 1383 4850 predicatorum,
1407 4769 1564 4850 Zagrabie
1583 4767 1655 4830 fun·

390 4875 466 4953 dati,
491 4876 523 4937 in
547 4896 603 4938 sua
628 4896 686 4937 nec
711 4896 776 4938 non
801 4877 949 4938 omnium
975 4891 1006 4938 et
1030 4878 1253 4939 universorum
1286 4876 1417 4939 fratrum
1442 4876 1519 4938 dicti
1545 4895 1656 4938 mona·

389 4982 476 5044 sterii
500 4995 531 5044 et
555 4995 732 5046 conventus
757 4983 788 5044 in
815 4983 931 5046 eodem
957 4983 1095 5046 claustro
1120 4984 1182 5046 deo
1199 4983 1316 5068 jugiter
1341 4982 1572 5046 famolancium
1598 5001 1656 5046 oo-
