3832 5804
765 595 852 654 Anno
874 596 968 673 1460.
1442 617 1498 678 ¹95

232 809 315 884 lium
348 816 432 885 tam
473 808 600 884 civium
638 831 743 908 quam
780 808 1060 888 inhabitatorum
1108 809 1265 884 civitatis
1302 817 1501 908 prenotate

567 931 675 1007 modo
705 939 744 1009 et
772 931 897 1008 ordine
926 931 1171 1032 infrascripto.

744 1214 804 1277 (31.
822 1198 988 1276 januarii).

337 1338 416 1400 Item
444 1337 622 1420 Gregorius
644 1336 730 1402 filius
753 1338 927 1418 Baltisaris,
958 1337 1101 1400 concivis
1119 1350 1237 1416 noster,
1262 1339 1425 1420 quandam
1449 1354 1497 1403 to·

230 1444 327 1506 tale‘rn
352 1444 486 1506 domum
511 1464 601 1506 suam
625 1456 690 1506 tum
713 1443 854 1525 ligneam
883 1463 980 1526 quam
998 1456 1168 1523 muratam,
1185 1443 1281 1505 simul
1305 1464 1378 1507 cum
1402 1445 1493 1507 totali

231 1549 331 1612 luudo
355 1571 392 1612 ac
423 1551 540 1612 celario
571 1551 778 1612 subterraneo
811 1551 915 1611 eidem
948 1549 1060 1612 domui
1093 1549 1198 1632 lignee
1223 1549 1410 1632 subjacenti,
1435 1571 1494 1614 nec

231 1677 296 1719 non
321 1655 454 1719 edificiis
478 1657 510 1718 iu
536 1656 620 1719 dicta
637 1657 765 1718 civitate
790 1657 872 1718 iuter
888 1656 1004 1718 domos
1027 1669 1058 1718 et
1082 1654 1200 1717 fundos
1222 1657 1399 1719 liberorum
1417 1677 1491 1720 con·

232 1762 306 1824 dam
333 1762 519 1825 Allexandri
544 1776 576 1824 et
599 1762 733 1844 provide
755 1761 899 1826 mulieris
930 1762 1044 1824 Vrsula
1075 1775 1187 1823 vocate
1218 1761 1327 1824 relicte
1359 1763 1497 1825 condam

232 1868 369 1930 Emerici
393 1869 533 1946 sartoris,
558 1888 593 1930 ac
624 1867 683 1929 viri
717 1868 844 1950 providi
870 1881 900 1930 et
933 1867 1059 1929 honesti
1091 1867 1310 1930 Bartholomei
1343 1869 1497 1932 institoris

230 1975 412 2036 concivium
438 1988 620 2036 nostrorum
639 1973 780 2036 habitam
806 1987 837 2036 et
853 1974 1053 2053 existentem,
1078 1993 1174 2036 unam
1193 1975 1349 2056 integram
1375 1977 1495 2039 curiam

231 2081 270 2142 ad
296 2101 389 2144 usum
414 2081 498 2144 dicte
522 2081 659 2143 civitatis
683 2081 714 2142 in
739 2101 772 2142 se
797 2081 1028 2159 continentem,
1060 2081 1129 2142 viro
1154 2081 1290 2163 provido
1314 2096 1344 2144 et
1361 2082 1496 2146 honesto

231 2185 382 2248 Conrado
400 2187 530 2248 Rawssr
546 2185 614 2248 filio
631 2187 730 2249 Vlrici
755 2187 794 2248 de
812 2186 994 2248 Lanczotha
1013 2205 1048 2248 ac
1066 2205 1121 2267 per
1137 2205 1210 2248 eum
1229 2187 1360 2249 domiue
1379 2188 1492 2273 Elyza-

230 2295 303 2355 betb
339 2295 477 2357 consorti
510 2313 586 2373 sue,
620 2313 677 2376 per
712 2313 831 2376 eosque
866 2312 978 2354 eorum
1003 2292 1175 2354 heredibus
1199 2313 1256 2374 pro
1280 2293 1491 2375 quadraginta

229 2399 299 2462 flor.
324 2400 393 2462 auri
416 2399 562 2461 vendidit
585 2413 743 2482 perpetuo
767 2399 996 2482 possidendam
1020 2413 1051 2460 et
1067 2398 1239 2481 superinde
1256 2401 1315 2460 sub
1341 2400 1492 2482 pendenti

232 2506 340 2586 sigillo
366 2505 457 2568 litera
481 2521 588 2569 nostre
617 2507 857 2568 communitatis
882 2520 929 2568 est
951 2505 1012 2566 sibi
1037 2519 1194 2567 emanata.

337 2611 416 2674 ltem
440 2612 515 2693 quia
540 2611 660 2673 Paulus
691 2625 849 2674 mercator
882 2610 967 2672 filius
999 2611 1165 2672 Benedicti
1198 2611 1237 2672 de
1260 2611 1393 2691 Waska,
1417 2631 1492 2674 cou-

229 2716 307 2778 civis
332 2730 450 2796 noster,
476 2716 508 2778 id
533 2717 756 2799 comprobavit
787 2737 894 2778 coram
928 2717 1031 2796 nobis,
1056 2731 1091 2778 ut
1122 2715 1199 2778 dum
1226 2716 1389 2780 Dorothea
1413 2738 1493 2780 uxor

228 2821 384 2903 legittima
408 2821 522 2905 prelati
549 2822 639 2884 Pauli
674 2823 860 2885 mercatoris
892 2823 923 2884 in
957 2822 1107 2885 extremis
1131 2823 1194 2884 vite
1226 2842 1283 2884 sue
1307 2824 1493 2905 temporalis

226 2928 411 3008 laborasset,
436 2943 511 2991 tunc
536 2929 604 3012 ipsa
627 2929 791 3011 quandam
820 2929 955 2990 domum
988 2949 1080 2991 suam
1112 2942 1271 2990 muratam
1296 2929 1392 2991 simul
1418 2949 1489 2991 cum

228 3033 329 3095 fundo
354 3049 386 3096 et
409 3035 528 3097 celario
553 3037 762 3098 subterraneo
798 3049 829 3096 et
860 3033 994 3097 edificiis
1018 3049 1082 3096 tam
1115 3034 1234 3117 lapidei
1268 3053 1364 3117 quam
1391 3035 1490 3117 lignei

227 3141 333 3223 operis
358 3142 438 3202 inibi
472 3141 680 3219 constructis,
714 3142 796 3203 inter
828 3141 962 3204 domum
995 3141 1143 3202 similiter
1174 3155 1330 3202 muratam
1363 3141 1490 3203 claustri

227 3247 319 3310 beate
346 3248 446 3309 Maris
471 3268 597 3330 semper
620 3248 753 3329 virginis
784 3249 823 3310 de
857 3248 1081 3330 promontorio
1114 3247 1325 3328 zagrabieusi,
1360 3249 1400 3309 ab
1426 3267 1488 3309 una

229 3367 329 3434 parte,
353 3353 505 3416 videlicet
529 3374 545 3415 s
572 3353 788 3434 meridionali,
812 3367 843 3416 et
861 3355 942 3416 inter
972 3353 1107 3415 domum
1131 3353 1272 3434 ligneam
1298 3367 1329 3415 et
1353 3353 1488 3414 fundum

227 3479 262 3520 ac
288 3459 413 3522 edificia
439 3459 579 3522 Emerici
608 3474 639 3521 et
671 3458 799 3522 Thome
832 3459 1082 3542 frenipsrum,a
1114 3459 1368 3541 septemtrionali
1402 3475 1489 3541 parte

225 3563 391 3646 (habitam)
405 3579 436 3628 et
449 3567 648 3645 existentem,
665 3585 763 3627 unam
781 3566 937 3647 integram
952 3565 1072 3627 curiam
1090 3565 1129 3626 ad
1147 3584 1240 3626 usum
1255 3564 1338 3626 dicte
1352 3565 1488 3626 civitatis

227 3670 259 3729 in
283 3689 316 3732 se
340 3671 578 3748 coutinentem
604 3671 680 3732 item
698 3671 856 3753 quosdam
881 3670 963 3732 duos
985 3691 1061 3732 suos
1078 3669 1223 3751 (h)ortos,
1242 3689 1339 3730 unum
1366 3669 1397 3730 in
1415 3672 1488 3730 sub·

226 3775 319 3836 urbio
344 3776 480 3838 civitatis
504 3796 605 3859 prope
622 3776 789 3839 ecclesiam
807 3777 907 3838 sancti
926 3777 1054 3838 Martini
1072 3775 1214 3858 episcopi
1244 3789 1274 3837 et
1297 3773 1489 3837 confessoris

226 3883 307 3944 inter
331 3881 487 3964 (h)ortum
512 3883 610 3944 Blasii
635 3883 752 3944 sutoris
773 3883 848 3944 dicti
873 3882 1087 3968 Wytesichin‚
1104 3883 1144 3944 ab
1169 3882 1316 3944 orientali
1343 3895 1441 3964 parte,
1457 3895 1489 3944 et

225 3987 377 4069 (h)ortum
402 3987 579 4051 liberorum
605 4009 662 4050 seu
685 4008 904 4051 successorum
940 3988 1078 4050 condam
1104 3987 1249 4070 Chupor,
1274 3989 1313 4049 ab
1339 3988 1488 4050 occiden-

226 4095 280 4156 tali
305 4107 396 4177 psrte
420 4093 577 4174 habitum,
610 4095 746 4156 alterum
780 4096 882 4158 eciam
914 4095 1067 4177 (h)ortum
1092 4095 1124 4156 in
1158 4094 1319 4155 territorio
1350 4093 1487 4154 civitatis

224 4215 310 4264 extra
335 4202 461 4264 Novam
486 4215 613 4283 portam
637 4201 774 4264 civitatis
791 4201 935 4263 eiusdem
953 4202 1035 4263 iuter
1060 4199 1211 4282 (h)ortum
1237 4199 1413 4262 liberorum
1430 4219 1486 4261 seu

224 4327 443 4370 successorum
468 4309 607 4370 condam
632 4307 731 4370 Blasii
755 4307 885 4369 sartoris
909 4305 966 4368 filii
995 4306 1167 4384 Francisci,
1189 4326 1206 4366 a
1231 4305 1485 4387 septemtrionali

224 4427 323 4493 purte,
348 4427 379 4476 et
403 4413 484 4476 inter
508 4413 662 4495 (h)ortum
688 4412 844 4474 Anthonii
869 4413 985 4474 sutoris
1002 4411 1059 4474 lilii
1087 4411 1213 4473 Nicolai
1238 4432 1254 4472 a
1281 4410 1485 4472 meridionali

222 4533 309 4600 parte
333 4520 429 4582 situm
454 4533 485 4583 et
516 4521 716 4598 existentem,
741 4539 837 4580 unam
869 4531 1014 4600 quartam
1041 4519 1127 4580 curie
1148 4518 1180 4578 in
1205 4537 1238 4578 se
1273 4517 1484 4595 continentes,

220 4623 343 4706 prelato
368 4626 469 4689 Paulo
494 4627 665 4690 mercatori
689 4626 759 4687 viro
783 4645 842 4688 suo
866 4625 1026 4706 legittimo
1059 4623 1229 4704 legavisset
1254 4637 1284 4684 et
1308 4623 1483 4685 dimisisset

223 4744 379 4812 perpetuo
411 4732 624 4813 possidendos
656 4746 687 4794 et
717 4731 890 4814 superinde
922 4731 1012 4793 litera
1045 4742 1153 4792 nostra
1184 4728 1393 4812 privilegialis
1425 4729 1484 4790 sub

223 4836 376 4917 pendenti
399 4837 507 4920 sigillo
532 4851 579 4901 est
607 4851 763 4900 emanata.

327 4941 407 5005 ltem
432 4944 521 5026 quod
545 4945 699 5008 Nicolaus
722 4957 811 5007 sutor
831 4943 915 5005 filius
932 4943 1070 5005 condam
1090 4942 1174 5004 Petri
1198 4941 1274 5002 dicti
1292 4939 1484 5024 Jerywerich

222 5046 261 5108 de
286 5047 417 5111 Bowicb
443 5063 474 5112 et
497 5050 681 5112 Anthonius
713 5050 860 5112 similiter
892 5062 981 5110 sutor
1012 5047 1098 5110 filius
1130 5047 1266 5110 condam
1293 5046 1418 5162 Nicolai
1444 5045 1483 5105 de
