3816 5802
782 557 870 617 Anno
891 570 986 639 1449.
1458 576 1517 639 107

252 772 367 856 partim
394 771 513 834 cultam
537 784 568 833 et
593 771 708 853 partim
734 770 893 833 desertam
919 771 950 832 in
979 769 1141 832 territorio
1166 783 1275 832 nostro
1299 789 1356 831 seu
1381 770 1518 832 civitatis

251 877 374 963 prefate
399 879 432 940 in
457 891 567 939 monte
592 877 676 939 lsecz
700 891 826 958 vocato,
855 877 938 939 inter
970 877 1079 938 vineas
1105 875 1259 938 Demetrii
1291 877 1432 958 agricole
1457 876 1514 938 filii

254 984 368 1048 Briccii
393 983 434 1046 de
458 983 637 1066 Kralewcz,
661 1003 679 1045 a
704 983 895 1064 meridione,
920 998 951 1046 et
968 983 1049 1045 inter
1073 982 1200 1044 vineam
1225 982 1383 1044 desertam
1408 983 1517 1046 colen·

253 1092 321 1154 dini
346 1089 615 1156 confraternitatis
640 1091 844 1170 Sclauorum,
869 1091 1132 1173 aseptemtrione
1157 1089 1298 1152 habitam
1324 1105 1356 1154 et
1380 1093 1516 1154 existen·

251 1213 329 1280 tem,
354 1199 491 1281 desuper
515 1218 533 1258 a
558 1197 676 1260 vertice
701 1197 820 1260 montis
844 1197 989 1260 eiusdem
1023 1210 1054 1260 et
1078 1195 1160 1259 infra
1192 1217 1295 1280 usque
1320 1199 1405 1260 viam
1430 1218 1517 1261 com·

253 1325 397 1385 munem,
421 1305 516 1367 simul
547 1323 620 1366 cum
643 1317 728 1366 terra
759 1304 872 1366 arabili
904 1305 1010 1366 eidem
1041 1305 1134 1366 vinee
1166 1304 1343 1387 subjacenti
1377 1325 1412 1366 ac
1444 1325 1515 1367 curn
1620 1293 1628 1304 ’

254 1411 394 1494 virgulto
419 1411 479 1494 ipsi
495 1411 589 1473 vinee
607 1410 745 1493 desuper
761 1409 920 1492 adjacenti
944 1430 976 1472 se
996 1410 1234 1490 extendentem,
1251 1429 1324 1472 curn
1349 1412 1415 1472 suis
1432 1412 1517 1473 utili·

253 1519 374 1582 tatibus
397 1531 428 1580 et
451 1516 657 1600 pertinenciis
674 1516 832 1578 universis
856 1517 957 1579 Paulo
975 1517 1225 1578 molendinatori
1248 1517 1334 1580 dicto
1359 1517 1517 1580 Cwethlro

254 1639 285 1687 et
309 1624 417 1686 Blasio
442 1622 528 1686 fratri
554 1643 613 1685 suo
638 1621 712 1684 filiis
736 1622 866 1684 Thorne
891 1623 929 1684 de
955 1623 1121 1684 Kralewcz
1146 1642 1204 1705 pro
1229 1643 1283 1686 sex
1307 1643 1380 1685 cum
1407 1623 1515 1686 medio

253 1731 324 1797 flor.
357 1731 425 1792 auri
456 1750 493 1792 ex
525 1749 683 1792 consensu
715 1729 896 1791 vicinorum
929 1729 1148 1812 predictorum
1181 1729 1328 1791 vendidit
1359 1743 1515 1812 perpetuo

253 1837 480 1921 possidendam
498 1850 528 1898 et
553 1835 724 1919 superinde
744 1835 865 1897 eisdem
891 1835 992 1897 Paulo
1015 1833 1207 1898 Cwethlroni
1242 1849 1273 1898 et
1298 1836 1405 1898 Blasio
1430 1835 1517 1899 fratri

253 1963 312 2006 suo
337 1955 384 2006 est
408 1944 498 2005 litera
523 1943 582 2004 sub
614 1941 766 2025 pendenti
791 1941 899 2023 sigillo
924 1941 1163 2004 communitatis
1187 1955 1344 2006 emanata.

360 2049 439 2112 ltem
470 2049 662 2111 Valentinus
693 2047 779 2110 filius
811 2047 875 2110 lwk
907 2048 986 2110 olim
1019 2047 1139 2129 juratus
1171 2063 1202 2111 et
1233 2050 1375 2112 concivis
1411 2063 1518 2112 noster

253 2155 417 2239 quandam
442 2170 557 2217 terram
583 2174 673 2216 suam
698 2155 853 2216 arabilem
887 2154 994 2216 medie
1024 2155 1121 2232 diete,
1155 2155 1275 2216 ibidem
1302 2157 1332 2216 in
1358 2157 1518 2217 territorio

253 2277 364 2325 nostro
382 2281 482 2345 prope
506 2277 537 2323 et
553 2281 651 2343 penes
669 2260 804 2323 fluvium
823 2259 1076 2343 Thoplychycza
1093 2258 1254 2340 vocatum,
1280 2262 1362 2324 inter·
1378 2261 1518 2324 eundem

253 2367 389 2430 fluvium
407 2367 810 2454 Thoplychyczadictum‚
834 2371 874 2430 ab
891 2366 1070 2447 occidente,
1094 2382 1125 2430 et
1142 2369 1223 2429 inter
1248 2369 1411 2450 quandam
1432 2369 1515 2430 viam

253 2494 462 2537 communem
487 2474 664 2554 antiquam,
689 2474 730 2535 ab
755 2475 889 2552 oriente,
914 2475 972 2535 sub
997 2474 1138 2556 predicta
1167 2475 1260 2536 vinea
1285 2490 1315 2536 et
1339 2491 1420 2537 terra
1446 2495 1514 2537 ara·

254 2581 310 2644 bili
328 2581 546 2664 predictorum
565 2580 655 2641 Pauli
674 2581 941 2642 molendinatoris
959 2579 1135 2643 Czwethlro
1153 2580 1228 2642 dicti
1247 2595 1277 2643 et
1296 2583 1391 2644 Blasii
1410 2580 1515 2644 fratris

254 2689 316 2767 sui,
341 2709 377 2750 ac
401 2689 483 2750 inter
507 2703 605 2750 terras
629 2687 766 2749 arabiles
793 2688 928 2750 Emerici
955 2687 1032 2750 dicti
1060 2687 1206 2770 Drusyna
1231 2688 1270 2749 de
1296 2688 1473 2765 Kraletvcz,
1500 2709 1518 2751 a

254 2795 496 2876 septemtrione,
521 2813 579 2856 nec
596 2814 661 2856 non
681 2795 834 2856 Demetrii
852 2795 992 2876 agricole
1010 2795 1142 2877 predicti
1173 2815 1190 2856 a
1216 2795 1396 2857 meridione
1414 2796 1519 2872 sitam,

255 2920 329 2961 cum
354 2901 420 2961 suis
444 2901 636 2962 utilitatibus
660 2915 690 2962 et
714 2901 920 2983 pertinenciis
937 2901 1094 2962 universis
1119 2899 1250 2983 prefatis
1267 2901 1368 2963 Paulo
1393 2901 1518 2963 molen·

256 3007 394 3069 dinatori
419 3019 451 3069 et
474 3007 582 3068 Blasio
607 3005 693 3068 fratri
718 3026 777 3068 suo
802 3027 860 3088 pro
884 3027 938 3068 sert
967 3007 1073 3090 pensis
1097 3007 1304 3069 denariorum
1329 3021 1360 3070 et
1384 3028 1441 3090 pro
1465 3028 1518 3068 serr

257 3113 456 3196 quartalibus
484 3111 636 3175 frumenti
662 3113 808 3176 vendidit
839 3129 994 3197 perpetuo
1026 3114 1253 3197 possidendam
1282 3129 1313 3177 et
1345 3114 1518 3197 superinde

257 3221 334 3303 ipsis
351 3219 452 3282 Paulo
470 3220 719 3282 molendinatori
746 3235 777 3283 et
795 3222 900 3283 Blasio
926 3220 1013 3284 fratri
1030 3241 1089 3283 suo
1106 3235 1153 3283 est
1169 3221 1260 3284 litera
1281 3223 1340 3284 sub
1365 3221 1518 3304 pendenti

257 3327 365 3410 sigillo
389 3329 628 3390 communitatis
652 3344 810 3392 emanata.

364 3436 441 3498 Item
468 3435 613 3498 Thomas
637 3437 778 3518 agricola
811 3437 915 3499 dictus
940 3438 1048 3522 Lyzlra
1081 3436 1244 3518 quandam
1269 3436 1404 3498 domurn
1428 3455 1519 3496 suam

258 3543 354 3605 unius
379 3557 491 3625 quarte
508 3557 593 3605 retro
610 3543 744 3604 domum
763 3543 938 3606 liberorum
956 3544 1095 3605 condam
1113 3543 1204 3604 Pauli
1222 3541 1349 3625 Gerych
1367 3541 1520 3620 habitant,

257 3669 330 3711 curn
356 3649 528 3712 medietate
553 3649 659 3711 celarii
685 3651 882 3712 subterranei
907 3652 966 3711 sub
985 3650 1127 3732 predicta
1145 3649 1244 3710 domo
1270 3650 1412 3731 ipsorum
1439 3648 1519 3710 libe·

257 3775 367 3817 rorum
389 3775 445 3817 seu
470 3775 689 3818 successorum
714 3756 789 3818 dicti
820 3757 910 3818 Pauli
937 3755 1064 3841 Gerych
1097 3755 1208 3834 habiti,
1232 3775 1304 3817 cum
1330 3774 1444 3816 securo
1469 3774 1518 3816 ac-

258 3882 349 3923 cessu
373 3863 414 3923 ad
438 3863 581 3924 cloacam
616 3876 646 3924 et
678 3863 749 3925 aliis
781 3863 904 3925 cunctis
936 3863 1001 3924 suis
1033 3862 1225 3924 utilitatibus
1254 3875 1285 3923 et
1316 3860 1521 3943 pertinenciis

257 3969 415 4030 universis
438 3969 514 4030 Vito
539 3967 678 4031 carnifici
704 3990 762 4050 pro
788 3969 927 4051 quadam
961 3983 1042 4030 terra
1066 3989 1122 4030 sua
1154 3968 1266 4030 arabili
1293 3967 1428 4029 duarum
1454 3967 1520 4028 die·

256 4089 363 4137 tarum
393 4093 466 4136 curn
499 4075 719 4137 additamento
752 4089 825 4137 octo
858 4095 1028 4158 pensarum
1061 4075 1266 4136 denariorum
1299 4094 1355 4156 per
1387 4072 1519 4134 modum

257 4182 510 4262 permutacionis
533 4197 564 4243 et
588 4183 768 4244 concambii
801 4183 890 4244 dedit
914 4197 1070 4264 perpetuo
1095 4180 1321 4264 possidendam
1355 4195 1385 4242 et
1409 4199 1521 4262 super-

258 4289 333 4350 inde
357 4303 404 4350 est
427 4289 519 4350 litera
543 4289 602 4350 sub
634 4289 787 4370 pendenti
811 4289 919 4370 sigillo
948 4287 1189 4350 communitatis
1213 4301 1369 4349 emanata.

365 4394 443 4457 Item
468 4395 544 4476 quia
570 4395 691 4480 Symon
717 4394 821 4456 dictus
846 4395 1043 4477 Zmolchych
1061 4407 1092 4456 et
1117 4393 1299 4455 Anthonius
1326 4391 1460 4453 Plezech
1485 4411 1520 4452 ac

259 4498 374 4562 Gallus
398 4515 430 4562 et
454 4501 611 4563 Martinus
627 4515 750 4562 sutores
775 4521 847 4562 cunr
866 4501 980 4564 ceteris
1005 4500 1099 4562 sociis
1116 4499 1192 4578 suis,
1210 4519 1267 4560 nec
1293 4517 1358 4558 non
1383 4511 1530 4579 quatuor.

258 4606 309 4667 vel
332 4607 477 4688 quinque
509 4605 712 4670 fideiussores
743 4608 863 4670 scilicet
884 4606 1015 4688 Georgii
1050 4605 1244 4688 Ztanchych,
1268 4624 1364 4666 unam
1391 4605 1518 4666 vineam

259 4713 358 4795 ipsius
384 4711 516 4794 Georgii
541 4713 715 4776 Ztanchich
739 4713 997 4775 condicionalem
1023 4714 1104 4774 inter
1120 4713 1230 4773 vineas
1255 4711 1352 4772 Lucie
1378 4711 1522 4772 mulieris

260 4819 367 4881 relicte
392 4819 530 4882 condam
556 4820 652 4882 Blasii
678 4820 818 4901 agricole
836 4818 892 4881 filii
915 4819 1090 4897 Valentini,
1115 4817 1389 4900 aseptemtrione,
1414 4831 1445 4878 et
1462 4817 1522 4879 Mi·

260 4924 378 4988 chaelis
414 4926 552 5008 agricole
584 4946 601 4987 a
632 4927 812 4989 meridione
846 4927 1006 5005 habitam,
1040 4939 1071 4988 et
1102 4945 1199 4987 unam
1223 4937 1341 4986 terram
1366 4925 1521 4986 arabilem

261 5032 412 5095 eiusdem.
431 5031 563 5114 Georgii
588 5033 770 5119 Ztanchych
797 5034 879 5094 inter
903 5047 1002 5095 terras
1025 5033 1173 5094 similiter
1190 5033 1325 5094 arabiles
1350 5031 1449 5093 Marci
1475 5030 1522 5112 ju·
