<?xml version="1.0" encoding="UTF-8"?>
<!DOCTYPE html PUBLIC "-//W3C//DTD XHTML 1.0 Transitional//EN"
    "http://www.w3.org/TR/xhtml1/DTD/xhtml1-transitional.dtd">
<html xmlns="http://www.w3.org/1999/xhtml" xml:lang="en" lang="en">
 <head>
  <title>
</title>
<meta http-equiv="Content-Type" content="text/html;charset=utf-8" />
  <meta name='ocr-system' content='tesseract 3.04.00' />
  <meta name='ocr-capabilities' content='ocr_page ocr_carea ocr_par ocr_line ocrx_word'/>
</head>
<body>
  <div class='ocr_page' id='page_1' title='image "./monumentahistor21laszgoog_0271.png"; bbox 0 0 3854 5798; ppageno 0'>
   <div class='ocr_carea' id='block_1_1' title="bbox 243 609 1537 3666">
    <p class='ocr_par' dir='ltr' id='par_1_1' title="bbox 243 609 1537 3666">
     <span class='ocr_line' id='line_1_1' title="bbox 801 609 1536 687; baseline 0.003 -21"><span class='ocrx_word' id='word_1_1' title='bbox 801 609 887 666; x_wconf 81' lang='lat' dir='ltr'>Anno</span> <span class='ocrx_word' id='word_1_2' title='bbox 910 613 1003 686; x_wconf 78' lang='lat'><em>1403.</em></span> <span class='ocrx_word' id='word_1_3' title='bbox 1472 620 1536 687; x_wconf 84' lang='lat'>227</span> 
     </span>
     <span class='ocr_line' id='line_1_2' title="bbox 270 817 1535 902; baseline -0.002 -22"><span class='ocrx_word' id='word_1_4' title='bbox 270 820 367 901; x_wconf 84' lang='lat' dir='ltr'>vulgo</span> <span class='ocrx_word' id='word_1_5' title='bbox 382 819 722 902; x_wconf 83' lang='lat' dir='ltr'>Poredysthenyschak</span> <span class='ocrx_word' id='word_1_6' title='bbox 743 818 860 879; x_wconf 92' lang='lat' dir='ltr'>dictam</span> <span class='ocrx_word' id='word_1_7' title='bbox 879 819 910 878; x_wconf 94' lang='lat' dir='ltr'>in</span> <span class='ocrx_word' id='word_1_8' title='bbox 933 819 1092 879; x_wconf 91' lang='lat' dir='ltr'>territorio</span> <span class='ocrx_word' id='word_1_9' title='bbox 1113 831 1222 880; x_wconf 91' lang='lat' dir='ltr'>nostro</span> <span class='ocrx_word' id='word_1_10' title='bbox 1242 838 1298 880; x_wconf 90' lang='lat' dir='ltr'>seu</span> <span class='ocrx_word' id='word_1_11' title='bbox 1317 817 1452 879; x_wconf 88' lang='lat' dir='ltr'>civitatis</span> <span class='ocrx_word' id='word_1_12' title='bbox 1465 836 1535 899; x_wconf 91' lang='lat' dir='ltr'>pre·</span> 
     </span>
     <span class='ocr_line' id='line_1_3' title="bbox 272 923 1532 1006; baseline -0.002 -20"><span class='ocrx_word' id='word_1_13' title='bbox 272 927 355 987; x_wconf 90' lang='lat' dir='ltr'>dicte</span> <span class='ocrx_word' id='word_1_14' title='bbox 373 927 454 987; x_wconf 90' lang='lat' dir='ltr'>inter</span> <span class='ocrx_word' id='word_1_15' title='bbox 472 927 582 986; x_wconf 91' lang='lat' dir='ltr'>vineas</span> <span class='ocrx_word' id='word_1_16' title='bbox 598 945 817 986; x_wconf 87' lang='lat' dir='ltr'>successorum</span> <span class='ocrx_word' id='word_1_17' title='bbox 836 923 973 985; x_wconf 92' lang='lat' dir='ltr'>condam</span> <span class='ocrx_word' id='word_1_18' title='bbox 991 924 1156 986; x_wconf 86' lang='lat' dir='ltr'>Benedicti</span> <span class='ocrx_word' id='word_1_19' title='bbox 1174 945 1191 986; x_wconf 90' lang='lat' dir='ltr'>a</span> <span class='ocrx_word' id='word_1_20' title='bbox 1216 923 1420 985; x_wconf 80' lang='lat' dir='ltr'>meridionali</span> <span class='ocrx_word' id='word_1_21' title='bbox 1444 936 1532 1006; x_wconf 92' lang='lat' dir='ltr'>parte</span> 
     </span>
     <span class='ocr_line' id='line_1_4' title="bbox 273 1029 1537 1094; baseline -0.002 -1"><span class='ocrx_word' id='word_1_22' title='bbox 273 1047 305 1094; x_wconf 91' lang='lat' dir='ltr'>et</span> <span class='ocrx_word' id='word_1_23' title='bbox 322 1032 469 1093; x_wconf 87' lang='lat' dir='ltr'>similiter</span> <span class='ocrx_word' id='word_1_24' title='bbox 492 1051 711 1093; x_wconf 87' lang='lat' dir='ltr'>successorum</span> <span class='ocrx_word' id='word_1_25' title='bbox 730 1031 860 1092; x_wconf 88' lang='lat' dir='ltr'>alterius</span> <span class='ocrx_word' id='word_1_26' title='bbox 878 1030 1044 1092; x_wconf 88' lang='lat' dir='ltr'>Benedicti</span> <span class='ocrx_word' id='word_1_27' title='bbox 1071 1029 1221 1092; x_wconf 91' lang='lat' dir='ltr'>videlicet</span> <span class='ocrx_word' id='word_1_28' title='bbox 1245 1030 1374 1091; x_wconf 89' lang='lat' dir='ltr'>sartoris</span> <span class='ocrx_word' id='word_1_29' title='bbox 1395 1029 1537 1090; x_wconf 80' lang='lat' dir='ltr'>concivis</span> 
     </span>
     <span class='ocr_line' id='line_1_5' title="bbox 271 1135 1535 1219; baseline -0.002 -19"><span class='ocrx_word' id='word_1_30' title='bbox 271 1139 417 1200; x_wconf 92' lang='lat' dir='ltr'>similiter</span> <span class='ocrx_word' id='word_1_31' title='bbox 442 1139 540 1200; x_wconf 84' lang='lat' dir='ltr'>nostri</span> <span class='ocrx_word' id='word_1_32' title='bbox 565 1137 622 1199; x_wconf 91' lang='lat' dir='ltr'>filii</span> <span class='ocrx_word' id='word_1_33' title='bbox 647 1137 776 1198; x_wconf 88' lang='lat' dir='ltr'>Andree</span> <span class='ocrx_word' id='word_1_34' title='bbox 801 1157 818 1198; x_wconf 92' lang='lat' dir='ltr'>a</span> <span class='ocrx_word' id='word_1_35' title='bbox 842 1137 1095 1219; x_wconf 85' lang='lat' dir='ltr'>septemtrionali</span> <span class='ocrx_word' id='word_1_36' title='bbox 1121 1150 1209 1218; x_wconf 86' lang='lat' dir='ltr'>parte</span> <span class='ocrx_word' id='word_1_37' title='bbox 1236 1135 1380 1198; x_wconf 88' lang='lat' dir='ltr'>habitam</span> <span class='ocrx_word' id='word_1_38' title='bbox 1406 1151 1436 1198; x_wconf 92' lang='lat' dir='ltr'>et</span> <span class='ocrx_word' id='word_1_39' title='bbox 1459 1135 1535 1198; x_wconf 88' lang='lat' dir='ltr'>situ·</span> 
     </span>
     <span class='ocr_line' id='line_1_6' title="bbox 271 1242 1533 1326; baseline -0.002 -20"><span class='ocrx_word' id='word_1_40' title='bbox 271 1259 354 1306; x_wconf 89' lang='lat' dir='ltr'>atam</span> <span class='ocrx_word' id='word_1_41' title='bbox 381 1265 451 1306; x_wconf 92' lang='lat' dir='ltr'>cum</span> <span class='ocrx_word' id='word_1_42' title='bbox 477 1245 542 1306; x_wconf 86' lang='lat' dir='ltr'>suis</span> <span class='ocrx_word' id='word_1_43' title='bbox 569 1243 779 1324; x_wconf 89' lang='lat' dir='ltr'>subjacenciis</span> <span class='ocrx_word' id='word_1_44' title='bbox 802 1263 819 1304; x_wconf 97' lang='lat' dir='ltr'>a</span> <span class='ocrx_word' id='word_1_45' title='bbox 845 1257 932 1326; x_wconf 90' lang='lat' dir='ltr'>parte</span> <span class='ocrx_word' id='word_1_46' title='bbox 962 1242 1138 1304; x_wconf 88' lang='lat' dir='ltr'>occidentis</span> <span class='ocrx_word' id='word_1_47' title='bbox 1156 1243 1343 1306; x_wconf 86' lang='lat' dir='ltr'>existentem</span> <span class='ocrx_word' id='word_1_48' title='bbox 1368 1262 1400 1304; x_wconf 89' lang='lat' dir='ltr'>se</span> <span class='ocrx_word' id='word_1_49' title='bbox 1425 1257 1533 1304; x_wconf 87' lang='lat' dir='ltr'>exten·</span> 
     </span>
     <span class='ocr_line' id='line_1_7' title="bbox 272 1347 1532 1431; baseline 0 -19"><span class='ocrx_word' id='word_1_50' title='bbox 272 1351 418 1427; x_wconf 82' lang='lat' dir='ltr'>dentem3</span> <span class='ocrx_word' id='word_1_51' title='bbox 444 1351 519 1412; x_wconf 93' lang='lat' dir='ltr'>item</span> <span class='ocrx_word' id='word_1_52' title='bbox 545 1351 645 1412; x_wconf 92' lang='lat' dir='ltr'>eciam</span> <span class='ocrx_word' id='word_1_53' title='bbox 672 1349 827 1431; x_wconf 90' lang='lat' dir='ltr'>quasdam</span> <span class='ocrx_word' id='word_1_54' title='bbox 854 1349 933 1410; x_wconf 89' lang='lat' dir='ltr'>duas</span> <span class='ocrx_word' id='word_1_55' title='bbox 965 1350 1060 1410; x_wconf 88' lang='lat' dir='ltr'>silvas</span> <span class='ocrx_word' id='word_1_56' title='bbox 1091 1347 1213 1431; x_wconf 85' lang='lat' dir='ltr'>prefate</span> <span class='ocrx_word' id='word_1_57' title='bbox 1237 1349 1368 1411; x_wconf 91' lang='lat' dir='ltr'>domine</span> <span class='ocrx_word' id='word_1_58' title='bbox 1394 1349 1532 1412; x_wconf 79' lang='lat' dir='ltr'>Barbare</span> 
     </span>
     <span class='ocr_line' id='line_1_8' title="bbox 270 1454 1536 1539; baseline -0.002 -21"><span class='ocrx_word' id='word_1_59' title='bbox 270 1457 417 1519; x_wconf 91' lang='lat' dir='ltr'>similiter</span> <span class='ocrx_word' id='word_1_60' title='bbox 441 1457 472 1518; x_wconf 93' lang='lat' dir='ltr'>in</span> <span class='ocrx_word' id='word_1_61' title='bbox 498 1457 657 1518; x_wconf 91' lang='lat' dir='ltr'>territorio</span> <span class='ocrx_word' id='word_1_62' title='bbox 683 1472 792 1517; x_wconf 88' lang='lat' dir='ltr'>nostro</span> <span class='ocrx_word' id='word_1_63' title='bbox 816 1475 872 1517; x_wconf 91' lang='lat' dir='ltr'>seu</span> <span class='ocrx_word' id='word_1_64' title='bbox 897 1456 1034 1517; x_wconf 90' lang='lat' dir='ltr'>civitatis</span> <span class='ocrx_word' id='word_1_65' title='bbox 1058 1454 1179 1538; x_wconf 87' lang='lat' dir='ltr'>prefate</span> <span class='ocrx_word' id='word_1_66' title='bbox 1209 1457 1330 1539; x_wconf 90' lang='lat' dir='ltr'>Belyak</span> <span class='ocrx_word' id='word_1_67' title='bbox 1355 1457 1456 1537; x_wconf 87' lang='lat' dir='ltr'>vulgo</span> <span class='ocrx_word' id='word_1_68' title='bbox 1480 1475 1536 1516; x_wconf 89' lang='lat' dir='ltr'>vo·</span> 
     </span>
     <span class='ocr_line' id='line_1_9' title="bbox 243 1562 1537 1644; baseline -0.001 -19"><span class='ocrx_word' id='word_1_69' title='bbox 243 1587 244 1592; x_wconf 48' lang='lat'>¹</span> <span class='ocrx_word' id='word_1_70' title='bbox 271 1578 341 1626; x_wconf 92' lang='lat' dir='ltr'>cato</span> <span class='ocrx_word' id='word_1_71' title='bbox 366 1564 499 1642; x_wconf 85' lang='lat' dir='ltr'>habitas,</span> <span class='ocrx_word' id='word_1_72' title='bbox 532 1583 668 1644; x_wconf 89' lang='lat' dir='ltr'>quarum</span> <span class='ocrx_word' id='word_1_73' title='bbox 703 1562 856 1623; x_wconf 84' lang='lat' dir='ltr'>silvarum</span> <span class='ocrx_word' id='word_1_74' title='bbox 889 1563 992 1644; x_wconf 91' lang='lat' dir='ltr'>prima</span> <span class='ocrx_word' id='word_1_75' title='bbox 1026 1563 1108 1624; x_wconf 92' lang='lat' dir='ltr'>inter</span> <span class='ocrx_word' id='word_1_76' title='bbox 1140 1564 1253 1624; x_wconf 84' lang='lat' dir='ltr'>silvam</span> <span class='ocrx_word' id='word_1_77' title='bbox 1278 1564 1455 1626; x_wconf 89' lang='lat' dir='ltr'>liberorum</span> <span class='ocrx_word' id='word_1_78' title='bbox 1481 1583 1537 1625; x_wconf 92' lang='lat' dir='ltr'>seu</span> 
     </span>
     <span class='ocr_line' id='line_1_10' title="bbox 270 1668 1536 1751; baseline -0.001 -20"><span class='ocrx_word' id='word_1_79' title='bbox 270 1689 488 1731; x_wconf 88' lang='lat' dir='ltr'>successorum</span> <span class='ocrx_word' id='word_1_80' title='bbox 514 1669 653 1731; x_wconf 90' lang='lat' dir='ltr'>condam</span> <span class='ocrx_word' id='word_1_81' title='bbox 679 1668 861 1730; x_wconf 89' lang='lat' dir='ltr'>Paulasiia</span> <span class='ocrx_word' id='word_1_82' title='bbox 893 1669 1099 1730; x_wconf 84' lang='lat' dir='ltr'>meridionali</span> <span class='ocrx_word' id='word_1_83' title='bbox 1128 1669 1222 1751; x_wconf 84' lang='lat' dir='ltr'>plaga</span> <span class='ocrx_word' id='word_1_84' title='bbox 1255 1689 1290 1730; x_wconf 90' lang='lat' dir='ltr'>ac</span> <span class='ocrx_word' id='word_1_85' title='bbox 1316 1669 1398 1732; x_wconf 90' lang='lat' dir='ltr'>inter</span> <span class='ocrx_word' id='word_1_86' title='bbox 1423 1669 1536 1732; x_wconf 85' lang='lat' dir='ltr'>silvam</span> 
     </span>
     <span class='ocr_line' id='line_1_11' title="bbox 272 1775 1537 1860; baseline 0.002 -24"><span class='ocrx_word' id='word_1_87' title='bbox 272 1776 451 1838; x_wconf 87' lang='lat' dir='ltr'>liberorum</span> <span class='ocrx_word' id='word_1_88' title='bbox 478 1789 509 1838; x_wconf 91' lang='lat' dir='ltr'>et</span> <span class='ocrx_word' id='word_1_89' title='bbox 541 1795 761 1836; x_wconf 87' lang='lat' dir='ltr'>successorum</span> <span class='ocrx_word' id='word_1_90' title='bbox 796 1775 933 1836; x_wconf 90' lang='lat' dir='ltr'>condam</span> <span class='ocrx_word' id='word_1_91' title='bbox 966 1775 1093 1838; x_wconf 90' lang='lat' dir='ltr'>Nicolai</span> <span class='ocrx_word' id='word_1_92' title='bbox 1125 1776 1200 1838; x_wconf 93' lang='lat' dir='ltr'>dicti</span> <span class='ocrx_word' id='word_1_93' title='bbox 1226 1776 1402 1860; x_wconf 87' lang='lat' dir='ltr'>Petrenych</span> <span class='ocrx_word' id='word_1_94' title='bbox 1426 1797 1444 1838; x_wconf 90' lang='lat' dir='ltr'>a</span> <span class='ocrx_word' id='word_1_95' title='bbox 1467 1796 1537 1859; x_wconf 88' lang='lat' dir='ltr'>sep-</span> 
     </span>
     <span class='ocr_line' id='line_1_12' title="bbox 271 1880 1537 1969; baseline 0.001 -25"><span class='ocrx_word' id='word_1_96' title='bbox 271 1883 467 1944; x_wconf 89' lang='lat' dir='ltr'>temtrionali</span> <span class='ocrx_word' id='word_1_97' title='bbox 492 1883 586 1964; x_wconf 80' lang='lat' dir='ltr'>plaga</span> <span class='ocrx_word' id='word_1_98' title='bbox 610 1880 775 1969; x_wconf 24' lang='lat' dir='ltr'>siradforet</span> <span class='ocrx_word' id='word_1_99' title='bbox 800 1897 829 1942; x_wconf 88' lang='lat' dir='ltr'>et</span> <span class='ocrx_word' id='word_1_100' title='bbox 854 1881 1024 1964; x_wconf 89' lang='lat' dir='ltr'>desupera</span> <span class='ocrx_word' id='word_1_101' title='bbox 1048 1883 1099 1944; x_wconf 86' lang='lat' dir='ltr'>via</span> <span class='ocrx_word' id='word_1_102' title='bbox 1117 1883 1282 1945; x_wconf 90' lang='lat' dir='ltr'>communi</span> <span class='ocrx_word' id='word_1_103' title='bbox 1308 1883 1348 1944; x_wconf 91' lang='lat' dir='ltr'>ab</span> <span class='ocrx_word' id='word_1_104' title='bbox 1367 1884 1437 1966; x_wconf 88' lang='lat' dir='ltr'>ipso</span> <span class='ocrx_word' id='word_1_105' title='bbox 1453 1883 1537 1945; x_wconf 93' lang='lat' dir='ltr'>occi·</span> 
     </span>
     <span class='ocr_line' id='line_1_13' title="bbox 271 1986 1536 2084; baseline 0.002 -36"><span class='ocrx_word' id='word_1_106' title='bbox 271 1988 367 2050; x_wconf 91' lang='lat' dir='ltr'>dente</span> <span class='ocrx_word' id='word_1_107' title='bbox 391 1990 449 2050; x_wconf 90' lang='lat' dir='ltr'>sita</span> <span class='ocrx_word' id='word_1_108' title='bbox 475 2004 505 2084; x_wconf 63' lang='lat' dir='ltr'>ep</span> <span class='ocrx_word' id='word_1_109' title='bbox 529 1986 610 2049; x_wconf 84' lang='lat' dir='ltr'>infra</span> <span class='ocrx_word' id='word_1_110' title='bbox 631 2007 730 2070; x_wconf 91' lang='lat' dir='ltr'>usque</span> <span class='ocrx_word' id='word_1_111' title='bbox 757 1988 895 2049; x_wconf 90' lang='lat' dir='ltr'>rivulum</span> <span class='ocrx_word' id='word_1_112' title='bbox 914 2009 932 2049; x_wconf 90' lang='lat' dir='ltr'>a</span> <span class='ocrx_word' id='word_1_113' title='bbox 949 1989 1094 2070; x_wconf 87' lang='lat' dir='ltr'>predicto</span> <span class='ocrx_word' id='word_1_114' title='bbox 1112 1989 1235 2051; x_wconf 89' lang='lat' dir='ltr'>oriente</span> <span class='ocrx_word' id='word_1_115' title='bbox 1260 1989 1404 2052; x_wconf 91' lang='lat' dir='ltr'>habitum</span> <span class='ocrx_word' id='word_1_116' title='bbox 1429 2003 1536 2051; x_wconf 83' lang='lat' dir='ltr'>exten-</span> 
     </span>
     <span class='ocr_line' id='line_1_14' title="bbox 271 2094 1533 2178; baseline 0.002 -23"><span class='ocrx_word' id='word_1_117' title='bbox 271 2095 380 2176; x_wconf 83' lang='lat' dir='ltr'>deret;</span> <span class='ocrx_word' id='word_1_118' title='bbox 403 2095 576 2156; x_wconf 89' lang='lat' dir='ltr'>secundam</span> <span class='ocrx_word' id='word_1_119' title='bbox 602 2109 708 2156; x_wconf 91' lang='lat' dir='ltr'>autem</span> <span class='ocrx_word' id='word_1_120' title='bbox 734 2094 846 2156; x_wconf 87' lang='lat' dir='ltr'>silvam</span> <span class='ocrx_word' id='word_1_121' title='bbox 873 2095 904 2155; x_wconf 93' lang='lat' dir='ltr'>in</span> <span class='ocrx_word' id='word_1_122' title='bbox 933 2095 1048 2158; x_wconf 89' lang='lat' dir='ltr'>eodem</span> <span class='ocrx_word' id='word_1_123' title='bbox 1072 2095 1234 2157; x_wconf 91' lang='lat' dir='ltr'>territorio</span> <span class='ocrx_word' id='word_1_124' title='bbox 1260 2095 1381 2178; x_wconf 89' lang='lat' dir='ltr'>Belyak</span> <span class='ocrx_word' id='word_1_125' title='bbox 1406 2109 1439 2158; x_wconf 90' lang='lat' dir='ltr'>ut</span> <span class='ocrx_word' id='word_1_126' title='bbox 1462 2114 1533 2178; x_wconf 91' lang='lat' dir='ltr'>pre·</span> 
     </span>
     <span class='ocr_line' id='line_1_15' title="bbox 271 2202 1535 2282; baseline 0.001 -20"><span class='ocrx_word' id='word_1_127' title='bbox 271 2202 387 2263; x_wconf 93' lang='lat' dir='ltr'>dicitur</span> <span class='ocrx_word' id='word_1_128' title='bbox 412 2203 510 2282; x_wconf 91' lang='lat' dir='ltr'>vulgo</span> <span class='ocrx_word' id='word_1_129' title='bbox 535 2216 649 2263; x_wconf 90' lang='lat' dir='ltr'>vocato</span> <span class='ocrx_word' id='word_1_130' title='bbox 683 2203 764 2264; x_wconf 91' lang='lat' dir='ltr'>inter</span> <span class='ocrx_word' id='word_1_131' title='bbox 796 2203 907 2264; x_wconf 88' lang='lat' dir='ltr'>vineas</span> <span class='ocrx_word' id='word_1_132' title='bbox 939 2202 1149 2264; x_wconf 89' lang='lat' dir='ltr'>consimiliter</span> <span class='ocrx_word' id='word_1_133' title='bbox 1180 2202 1355 2264; x_wconf 93' lang='lat' dir='ltr'>liberorum</span> <span class='ocrx_word' id='word_1_134' title='bbox 1380 2221 1435 2264; x_wconf 86' lang='lat' dir='ltr'>seu</span> <span class='ocrx_word' id='word_1_135' title='bbox 1466 2221 1535 2263; x_wconf 89' lang='lat' dir='ltr'>suc·</span> 
     </span>
     <span class='ocr_line' id='line_1_16' title="bbox 271 2307 1531 2392; baseline 0.001 -23"><span class='ocrx_word' id='word_1_136' title='bbox 271 2327 433 2370; x_wconf 89' lang='lat' dir='ltr'>cessorum</span> <span class='ocrx_word' id='word_1_137' title='bbox 459 2309 595 2370; x_wconf 90' lang='lat' dir='ltr'>condam</span> <span class='ocrx_word' id='word_1_138' title='bbox 622 2307 754 2388; x_wconf 80' lang='lat' dir='ltr'>Georgii</span> <span class='ocrx_word' id='word_1_139' title='bbox 774 2309 1014 2392; x_wconf 87' lang='lat' dir='ltr'>Pykowlychyn</span> <span class='ocrx_word' id='word_1_140' title='bbox 1040 2309 1115 2370; x_wconf 90' lang='lat' dir='ltr'>dicti</span> <span class='ocrx_word' id='word_1_141' title='bbox 1133 2329 1150 2370; x_wconf 91' lang='lat' dir='ltr'>a</span> <span class='ocrx_word' id='word_1_142' title='bbox 1167 2309 1419 2390; x_wconf 88' lang='lat' dir='ltr'>septemtrionali</span> <span class='ocrx_word' id='word_1_143' title='bbox 1437 2308 1531 2390; x_wconf 80' lang='lat' dir='ltr'>plaga</span> 
     </span>
     <span class='ocr_line' id='line_1_17' title="bbox 271 2413 1534 2497; baseline 0.001 -22"><span class='ocrx_word' id='word_1_144' title='bbox 271 2415 395 2476; x_wconf 89' lang='lat' dir='ltr'>habitas</span> <span class='ocrx_word' id='word_1_145' title='bbox 419 2429 449 2476; x_wconf 92' lang='lat' dir='ltr'>et</span> <span class='ocrx_word' id='word_1_146' title='bbox 474 2415 554 2476; x_wconf 92' lang='lat' dir='ltr'>inter</span> <span class='ocrx_word' id='word_1_147' title='bbox 577 2414 658 2476; x_wconf 90' lang='lat' dir='ltr'>duos</span> <span class='ocrx_word' id='word_1_148' title='bbox 682 2414 804 2476; x_wconf 88' lang='lat' dir='ltr'>rivulos</span> <span class='ocrx_word' id='word_1_149' title='bbox 820 2435 876 2476; x_wconf 90' lang='lat' dir='ltr'>seu</span> <span class='ocrx_word' id='word_1_150' title='bbox 893 2413 1019 2491; x_wconf 89' lang='lat' dir='ltr'>fluvios,</span> <span class='ocrx_word' id='word_1_151' title='bbox 1044 2435 1144 2476; x_wconf 91' lang='lat' dir='ltr'>unum</span> <span class='ocrx_word' id='word_1_152' title='bbox 1162 2415 1201 2476; x_wconf 91' lang='lat' dir='ltr'>ab</span> <span class='ocrx_word' id='word_1_153' title='bbox 1218 2414 1385 2477; x_wconf 90' lang='lat' dir='ltr'>occidente</span> <span class='ocrx_word' id='word_1_154' title='bbox 1410 2413 1534 2497; x_wconf 88' lang='lat' dir='ltr'>prelato</span> 
     </span>
     <span class='ocr_line' id='line_1_18' title="bbox 272 2520 1532 2604; baseline 0.002 -24"><span class='ocrx_word' id='word_1_155' title='bbox 272 2534 302 2581; x_wconf 91' lang='lat' dir='ltr'>et</span> <span class='ocrx_word' id='word_1_156' title='bbox 326 2521 426 2582; x_wconf 88' lang='lat' dir='ltr'>alium</span> <span class='ocrx_word' id='word_1_157' title='bbox 451 2522 491 2582; x_wconf 91' lang='lat' dir='ltr'>ab</span> <span class='ocrx_word' id='word_1_158' title='bbox 517 2521 585 2602; x_wconf 87' lang='lat' dir='ltr'>ipso</span> <span class='ocrx_word' id='word_1_159' title='bbox 611 2521 732 2582; x_wconf 91' lang='lat' dir='ltr'>oriente</span> <span class='ocrx_word' id='word_1_160' title='bbox 756 2520 892 2600; x_wconf 83' lang='lat' dir='ltr'>habitos,</span> <span class='ocrx_word' id='word_1_161' title='bbox 925 2521 1061 2604; x_wconf 89' lang='lat' dir='ltr'>desuper</span> <span class='ocrx_word' id='word_1_162' title='bbox 1085 2521 1206 2582; x_wconf 91' lang='lat' dir='ltr'>scilicet</span> <span class='ocrx_word' id='word_1_163' title='bbox 1237 2541 1253 2582; x_wconf 91' lang='lat' dir='ltr'>a</span> <span class='ocrx_word' id='word_1_164' title='bbox 1278 2520 1532 2602; x_wconf 90' lang='lat' dir='ltr'>septemtrionali</span> 
     </span>
     <span class='ocr_line' id='line_1_19' title="bbox 271 2613 1533 2710; baseline 0.001 -22"><span class='ocrx_word' id='word_1_165' title='bbox 271 2613 366 2709; x_wconf 79' lang='lat' dir='ltr'>plaga</span> <span class='ocrx_word' id='word_1_166' title='bbox 390 2627 572 2710; x_wconf 86' lang='lat' dir='ltr'>supradicta</span> <span class='ocrx_word' id='word_1_167' title='bbox 598 2642 628 2688; x_wconf 92' lang='lat' dir='ltr'>et</span> <span class='ocrx_word' id='word_1_168' title='bbox 653 2625 733 2689; x_wconf 91' lang='lat' dir='ltr'>inlra</span> <span class='ocrx_word' id='word_1_169' title='bbox 758 2628 798 2689; x_wconf 92' lang='lat' dir='ltr'>ad</span> <span class='ocrx_word' id='word_1_170' title='bbox 823 2627 924 2710; x_wconf 88' lang='lat' dir='ltr'>ipsam</span> <span class='ocrx_word' id='word_1_171' title='bbox 958 2627 1203 2690; x_wconf 91' lang='lat' dir='ltr'>meridionalem</span> <span class='ocrx_word' id='word_1_172' title='bbox 1235 2628 1365 2710; x_wconf 83' lang='lat' dir='ltr'>plagam</span> <span class='ocrx_word' id='word_1_173' title='bbox 1389 2627 1422 2689; x_wconf 95' lang='lat' dir='ltr'>in</span> <span class='ocrx_word' id='word_1_174' title='bbox 1447 2629 1533 2689; x_wconf 94' lang='lat' dir='ltr'>bono</span> 
     </span>
     <span class='ocr_line' id='line_1_20' title="bbox 271 2733 1534 2816; baseline 0.002 -22"><span class='ocrx_word' id='word_1_175' title='bbox 271 2735 380 2816; x_wconf 89' lang='lat' dir='ltr'>spacio</span> <span class='ocrx_word' id='word_1_176' title='bbox 404 2733 613 2816; x_wconf 90' lang='lat' dir='ltr'>procedendo</span> <span class='ocrx_word' id='word_1_177' title='bbox 634 2735 666 2794; x_wconf 96' lang='lat' dir='ltr'>in</span> <span class='ocrx_word' id='word_1_178' title='bbox 685 2754 786 2796; x_wconf 92' lang='lat' dir='ltr'>unum</span> <span class='ocrx_word' id='word_1_179' title='bbox 804 2733 1012 2814; x_wconf 87' lang='lat' dir='ltr'>confluentes,</span> <span class='ocrx_word' id='word_1_180' title='bbox 1029 2735 1143 2796; x_wconf 89' lang='lat' dir='ltr'>situata</span> <span class='ocrx_word' id='word_1_181' title='bbox 1161 2733 1342 2813; x_wconf 89' lang='lat' dir='ltr'>haberetur,</span> <span class='ocrx_word' id='word_1_182' title='bbox 1367 2734 1534 2816; x_wconf 90' lang='lat' dir='ltr'>ipsamque</span> 
     </span>
     <span class='ocr_line' id='line_1_21' title="bbox 272 2839 1535 2922; baseline 0.002 -22"><span class='ocrx_word' id='word_1_183' title='bbox 272 2840 392 2902; x_wconf 88' lang='lat' dir='ltr'>scilicet</span> <span class='ocrx_word' id='word_1_184' title='bbox 417 2840 583 2902; x_wconf 91' lang='lat' dir='ltr'>dominam</span> <span class='ocrx_word' id='word_1_185' title='bbox 609 2841 782 2902; x_wconf 90' lang='lat' dir='ltr'>Barbaram</span> <span class='ocrx_word' id='word_1_186' title='bbox 816 2861 831 2901; x_wconf 92' lang='lat' dir='ltr'>a</span> <span class='ocrx_word' id='word_1_187' title='bbox 865 2839 989 2922; x_wconf 89' lang='lat' dir='ltr'>prelato</span> <span class='ocrx_word' id='word_1_188' title='bbox 1023 2841 1159 2902; x_wconf 89' lang='lat' dir='ltr'>condam</span> <span class='ocrx_word' id='word_1_189' title='bbox 1192 2839 1326 2902; x_wconf 91' lang='lat' dir='ltr'>domino</span> <span class='ocrx_word' id='word_1_190' title='bbox 1359 2839 1535 2902; x_wconf 91' lang='lat' dir='ltr'>Benedicto</span> 
     </span>
     <span class='ocr_line' id='line_1_22' title="bbox 273 2947 1534 3029; baseline 0.001 -22"><span class='ocrx_word' id='word_1_191' title='bbox 273 2947 424 3029; x_wconf 90' lang='lat' dir='ltr'>episcopo</span> <span class='ocrx_word' id='word_1_192' title='bbox 449 2947 641 3008; x_wconf 89' lang='lat' dir='ltr'>donacionis</span> <span class='ocrx_word' id='word_1_193' title='bbox 669 2960 699 3008; x_wconf 93' lang='lat' dir='ltr'>et</span> <span class='ocrx_word' id='word_1_194' title='bbox 725 2947 912 3008; x_wconf 90' lang='lat' dir='ltr'>collacionis</span> <span class='ocrx_word' id='word_1_195' title='bbox 943 2948 1038 3008; x_wconf 90' lang='lat' dir='ltr'>titulo</span> <span class='ocrx_word' id='word_1_196' title='bbox 1069 2947 1243 3009; x_wconf 87' lang='lat' dir='ltr'>literatorie</span> <span class='ocrx_word' id='word_1_197' title='bbox 1276 2960 1534 3025; x_wconf 91' lang='lat' dir='ltr'>concernentem,</span> 
     </span>
     <span class='ocr_line' id='line_1_23' title="bbox 273 3053 1534 3136; baseline 0 -22"><span class='ocrx_word' id='word_1_198' title='bbox 273 3068 367 3135; x_wconf 90' lang='lat' dir='ltr'>prout</span> <span class='ocrx_word' id='word_1_199' title='bbox 392 3053 452 3115; x_wconf 91' lang='lat' dir='ltr'>hoc</span> <span class='ocrx_word' id='word_1_200' title='bbox 478 3053 509 3114; x_wconf 93' lang='lat' dir='ltr'>in</span> <span class='ocrx_word' id='word_1_201' title='bbox 535 3053 675 3134; x_wconf 90' lang='lat' dir='ltr'>quadam</span> <span class='ocrx_word' id='word_1_202' title='bbox 700 3053 791 3114; x_wconf 88' lang='lat' dir='ltr'>litera</span> <span class='ocrx_word' id='word_1_203' title='bbox 816 3067 924 3115; x_wconf 89' lang='lat' dir='ltr'>nostra</span> <span class='ocrx_word' id='word_1_204' title='bbox 942 3074 998 3116; x_wconf 88' lang='lat' dir='ltr'>seu</span> <span class='ocrx_word' id='word_1_205' title='bbox 1016 3054 1151 3116; x_wconf 83' lang='lat' dir='ltr'>civitatis</span> <span class='ocrx_word' id='word_1_206' title='bbox 1175 3054 1317 3136; x_wconf 87' lang='lat' dir='ltr'>predicte</span> <span class='ocrx_word' id='word_1_207' title='bbox 1342 3053 1534 3135; x_wconf 88' lang='lat' dir='ltr'>privilegiali</span> 
     </span>
     <span class='ocr_line' id='line_1_24' title="bbox 272 3159 1535 3243; baseline -0.002 -21"><span class='ocrx_word' id='word_1_208' title='bbox 272 3175 416 3243; x_wconf 93' lang='lat' dir='ltr'>tempore</span> <span class='ocrx_word' id='word_1_209' title='bbox 441 3160 601 3242; x_wconf 88' lang='lat' dir='ltr'>judicatus</span> <span class='ocrx_word' id='word_1_210' title='bbox 625 3159 738 3242; x_wconf 87' lang='lat' dir='ltr'>prelati</span> <span class='ocrx_word' id='word_1_211' title='bbox 772 3159 886 3240; x_wconf 83' lang='lat' dir='ltr'>judicis</span> <span class='ocrx_word' id='word_1_212' title='bbox 915 3159 1013 3222; x_wconf 92' lang='lat' dir='ltr'>nostri</span> <span class='ocrx_word' id='word_1_213' title='bbox 1048 3160 1194 3222; x_wconf 90' lang='lat' dir='ltr'>moderni</span> <span class='ocrx_word' id='word_1_214' title='bbox 1227 3160 1266 3220; x_wconf 90' lang='lat' dir='ltr'>de</span> <span class='ocrx_word' id='word_1_215' title='bbox 1290 3179 1376 3221; x_wconf 92' lang='lat' dir='ltr'>anno</span> <span class='ocrx_word' id='word_1_216' title='bbox 1402 3159 1535 3222; x_wconf 88' lang='lat' dir='ltr'>Domini</span> 
     </span>
     <span class='ocr_line' id='line_1_25' title="bbox 273 3263 1536 3348; baseline -0.002 -22"><span class='ocrx_word' id='word_1_217' title='bbox 273 3266 446 3328; x_wconf 92' lang='lat' dir='ltr'>millesimo</span> <span class='ocrx_word' id='word_1_218' title='bbox 470 3266 789 3348; x_wconf 90' lang='lat' dir='ltr'>quadringentesimo</span> <span class='ocrx_word' id='word_1_219' title='bbox 823 3266 1093 3347; x_wconf 91' lang='lat' dir='ltr'>quinquagesimo</span> <span class='ocrx_word' id='word_1_220' title='bbox 1128 3279 1242 3346; x_wconf 89' lang='lat' dir='ltr'>quarto</span> <span class='ocrx_word' id='word_1_221' title='bbox 1275 3263 1412 3326; x_wconf 85' lang='lat' dir='ltr'>infesto</span> <span class='ocrx_word' id='word_1_222' title='bbox 1447 3264 1536 3324; x_wconf 91' lang='lat' dir='ltr'>vide-</span> 
     </span>
     <span class='ocr_line' id='line_1_26' title="bbox 274 3369 1533 3454; baseline 0 -22"><span class='ocrx_word' id='word_1_223' title='bbox 274 3372 346 3432; x_wconf 93' lang='lat' dir='ltr'>licet</span> <span class='ocrx_word' id='word_1_224' title='bbox 364 3373 449 3433; x_wconf 88' lang='lat' dir='ltr'>beati</span> <span class='ocrx_word' id='word_1_225' title='bbox 466 3373 549 3433; x_wconf 89' lang='lat' dir='ltr'>Petri</span> <span class='ocrx_word' id='word_1_226' title='bbox 565 3372 701 3433; x_wconf 90' lang='lat' dir='ltr'>martiris</span> <span class='ocrx_word' id='word_1_227' title='bbox 719 3371 919 3453; x_wconf 87' lang='lat' dir='ltr'>aliquamdiu</span> <span class='ocrx_word' id='word_1_228' title='bbox 930 3371 1099 3454; x_wconf 87' lang='lat' dir='ltr'>preteritis,</span> <span class='ocrx_word' id='word_1_229' title='bbox 1116 3391 1173 3454; x_wconf 94' lang='lat' dir='ltr'>pro</span> <span class='ocrx_word' id='word_1_230' title='bbox 1184 3385 1270 3452; x_wconf 92' lang='lat' dir='ltr'>parte</span> <span class='ocrx_word' id='word_1_231' title='bbox 1289 3371 1388 3453; x_wconf 87' lang='lat' dir='ltr'>ipsius</span> <span class='ocrx_word' id='word_1_232' title='bbox 1402 3369 1533 3433; x_wconf 89' lang='lat' dir='ltr'>domine</span> 
     </span>
     <span class='ocr_line' id='line_1_27' title="bbox 274 3477 1535 3560; baseline -0.001 -21"><span class='ocrx_word' id='word_1_233' title='bbox 274 3479 412 3540; x_wconf 90' lang='lat' dir='ltr'>Barbare</span> <span class='ocrx_word' id='word_1_234' title='bbox 437 3479 608 3560; x_wconf 88' lang='lat' dir='ltr'>superinde</span> <span class='ocrx_word' id='word_1_235' title='bbox 642 3477 786 3540; x_wconf 88' lang='lat' dir='ltr'>conlecta</span> <span class='ocrx_word' id='word_1_236' title='bbox 811 3491 842 3540; x_wconf 90' lang='lat' dir='ltr'>et</span> <span class='ocrx_word' id='word_1_237' title='bbox 873 3493 1017 3540; x_wconf 85' lang='lat' dir='ltr'>emanata</span> <span class='ocrx_word' id='word_1_238' title='bbox 1051 3497 1086 3540; x_wconf 89' lang='lat' dir='ltr'>ac</span> <span class='ocrx_word' id='word_1_239' title='bbox 1114 3497 1222 3539; x_wconf 91' lang='lat' dir='ltr'>coram</span> <span class='ocrx_word' id='word_1_240' title='bbox 1255 3477 1348 3539; x_wconf 92' lang='lat' dir='ltr'>nobis</span> <span class='ocrx_word' id='word_1_241' title='bbox 1372 3477 1406 3538; x_wconf 90' lang='lat' dir='ltr'>iu</span> <span class='ocrx_word' id='word_1_242' title='bbox 1430 3477 1535 3560; x_wconf 90' lang='lat' dir='ltr'>specie</span> 
     </span>
     <span class='ocr_line' id='line_1_28' title="bbox 269 3579 1535 3666; baseline -0.002 -20"><span class='ocrx_word' id='word_1_243' title='bbox 269 3579 490 3646; x_wconf 87' lang='lat' dir='ltr'>&#39;demonstrata</span> <span class='ocrx_word' id='word_1_244' title='bbox 515 3605 662 3666; x_wconf 86' lang='lat' dir='ltr'>expresse</span> <span class='ocrx_word' id='word_1_245' title='bbox 681 3585 821 3646; x_wconf 88' lang='lat' dir='ltr'>vidimus</span> <span class='ocrx_word' id='word_1_246' title='bbox 838 3585 1006 3662; x_wconf 89' lang='lat' dir='ltr'>contineri,</span> <span class='ocrx_word' id='word_1_247' title='bbox 1031 3585 1090 3666; x_wconf 88' lang='lat' dir='ltr'>ipsi</span> <span class='ocrx_word' id='word_1_248' title='bbox 1109 3583 1272 3666; x_wconf 88' lang='lat' dir='ltr'>Stephano</span> <span class='ocrx_word' id='word_1_249' title='bbox 1298 3584 1454 3664; x_wconf 90' lang='lat' dir='ltr'>Hungaro</span> <span class='ocrx_word' id='word_1_250' title='bbox 1471 3603 1535 3645; x_wconf 93' lang='lat' dir='ltr'>cre-</span> 
     </span>
    </p>
   </div>
   <div class='ocr_carea' id='block_1_2' title="bbox 184 3690 1534 3773">
    <p class='ocr_par' dir='ltr' id='par_1_2' title="bbox 184 3690 1534 3773">
     <span class='ocr_line' id='line_1_29' title="bbox 184 3690 1534 3773; baseline -0.001 -21"><span class='ocrx_word' id='word_1_251' title='bbox 184 3708 186 3714; x_wconf 83' lang='grc'><strong>’</strong></span> <span class='ocrx_word' id='word_1_252' title='bbox 274 3691 369 3752; x_wconf 91' lang='lat' dir='ltr'>ditori</span> <span class='ocrx_word' id='word_1_253' title='bbox 395 3691 494 3773; x_wconf 87' lang='lat' dir='ltr'>ipsius</span> <span class='ocrx_word' id='word_1_254' title='bbox 518 3691 650 3752; x_wconf 92' lang='lat' dir='ltr'>domine</span> <span class='ocrx_word' id='word_1_255' title='bbox 675 3692 813 3752; x_wconf 90' lang='lat' dir='ltr'>Barbare</span> <span class='ocrx_word' id='word_1_256' title='bbox 838 3711 875 3750; x_wconf 88' lang='lat' dir='ltr'>ex</span> <span class='ocrx_word' id='word_1_257' title='bbox 900 3709 949 3768; x_wconf 90' lang='lat' dir='ltr'>eo,</span> <span class='ocrx_word' id='word_1_258' title='bbox 975 3690 1049 3772; x_wconf 91' lang='lat' dir='ltr'>quia</span> <span class='ocrx_word' id='word_1_259' title='bbox 1076 3691 1142 3772; x_wconf 89' lang='lat' dir='ltr'>ipsa</span> <span class='ocrx_word' id='word_1_260' title='bbox 1168 3690 1299 3751; x_wconf 93' lang='lat' dir='ltr'>domina</span> <span class='ocrx_word' id='word_1_261' title='bbox 1325 3691 1463 3752; x_wconf 89' lang='lat' dir='ltr'>Barbara</span> <span class='ocrx_word' id='word_1_262' title='bbox 1481 3690 1534 3751; x_wconf 92' lang='lat' dir='ltr'>de·</span> 
     </span>
    </p>
   </div>
   <div class='ocr_carea' id='block_1_3' title="bbox 240 3796 1537 5049">
    <p class='ocr_par' dir='ltr' id='par_1_3' title="bbox 240 3796 1537 5049">
     <span class='ocr_line' id='line_1_30' title="bbox 274 3796 1532 3880; baseline -0.001 -21"><span class='ocrx_word' id='word_1_263' title='bbox 274 3798 359 3860; x_wconf 91' lang='lat' dir='ltr'>bitor</span> <span class='ocrx_word' id='word_1_264' title='bbox 384 3799 483 3880; x_wconf 89' lang='lat' dir='ltr'>ipsius</span> <span class='ocrx_word' id='word_1_265' title='bbox 509 3798 662 3879; x_wconf 85' lang='lat' dir='ltr'>Stephani</span> <span class='ocrx_word' id='word_1_266' title='bbox 689 3797 834 3878; x_wconf 92' lang='lat' dir='ltr'>Hungari</span> <span class='ocrx_word' id='word_1_267' title='bbox 868 3797 970 3858; x_wconf 90' lang='lat' dir='ltr'>dictos</span> <span class='ocrx_word' id='word_1_268' title='bbox 1003 3811 1130 3858; x_wconf 92' lang='lat' dir='ltr'>centum</span> <span class='ocrx_word' id='word_1_269' title='bbox 1163 3817 1198 3859; x_wconf 88' lang='lat' dir='ltr'>ac</span> <span class='ocrx_word' id='word_1_270' title='bbox 1222 3817 1275 3858; x_wconf 88' lang='lat' dir='ltr'>sex</span> <span class='ocrx_word' id='word_1_271' title='bbox 1299 3796 1368 3859; x_wconf 93' lang='lat' dir='ltr'>flor.</span> <span class='ocrx_word' id='word_1_272' title='bbox 1400 3798 1468 3858; x_wconf 90' lang='lat' dir='ltr'>auri</span> <span class='ocrx_word' id='word_1_273' title='bbox 1502 3811 1532 3859; x_wconf 92' lang='lat' dir='ltr'>et</span> 
     </span>
     <span class='ocr_line' id='line_1_31' title="bbox 274 3903 1533 3985; baseline -0.001 -20"><span class='ocrx_word' id='word_1_274' title='bbox 274 3904 353 3965; x_wconf 88' lang='lat' dir='ltr'>duas</span> <span class='ocrx_word' id='word_1_275' title='bbox 378 3903 483 3965; x_wconf 85' lang='lat' dir='ltr'>luntas</span> <span class='ocrx_word' id='word_1_276' title='bbox 508 3903 713 3965; x_wconf 90' lang='lat' dir='ltr'>denariorum</span> <span class='ocrx_word' id='word_1_277' title='bbox 738 3904 778 3964; x_wconf 91' lang='lat' dir='ltr'>ad</span> <span class='ocrx_word' id='word_1_278' title='bbox 804 3923 916 3966; x_wconf 89' lang='lat' dir='ltr'>omnes</span> <span class='ocrx_word' id='word_1_279' title='bbox 947 3904 1101 3966; x_wconf 93' lang='lat' dir='ltr'>terminos</span> <span class='ocrx_word' id='word_1_280' title='bbox 1132 3903 1285 3984; x_wconf 85' lang='lat' dir='ltr'>juridicos</span> <span class='ocrx_word' id='word_1_281' title='bbox 1309 3904 1369 3965; x_wconf 90' lang='lat' dir='ltr'>sibi</span> <span class='ocrx_word' id='word_1_282' title='bbox 1393 3923 1449 3985; x_wconf 91' lang='lat' dir='ltr'>per</span> <span class='ocrx_word' id='word_1_283' title='bbox 1474 3923 1533 3964; x_wconf 88' lang='lat' dir='ltr'>nos</span> 
     </span>
     <span class='ocr_line' id='line_1_32' title="bbox 274 4009 1535 4092; baseline -0.002 -20"><span class='ocrx_word' id='word_1_284' title='bbox 274 4010 359 4091; x_wconf 83' lang='lat' dir='ltr'>juxta</span> <span class='ocrx_word' id='word_1_285' title='bbox 384 4010 696 4072; x_wconf 88' lang='lat' dir='ltr'>consvetudinariam</span> <span class='ocrx_word' id='word_1_286' title='bbox 722 4011 826 4092; x_wconf 93' lang='lat' dir='ltr'>legem</span> <span class='ocrx_word' id='word_1_287' title='bbox 851 4010 933 4072; x_wconf 90' lang='lat' dir='ltr'>dicte</span> <span class='ocrx_word' id='word_1_288' title='bbox 955 4011 1090 4072; x_wconf 87' lang='lat' dir='ltr'>civitatis</span> <span class='ocrx_word' id='word_1_289' title='bbox 1111 4010 1268 4092; x_wconf 91' lang='lat' dir='ltr'>legittime</span> <span class='ocrx_word' id='word_1_290' title='bbox 1294 4009 1473 4092; x_wconf 91' lang='lat' dir='ltr'>deputatos,</span> <span class='ocrx_word' id='word_1_291' title='bbox 1491 4010 1535 4071; x_wconf 93' lang='lat' dir='ltr'>ei·</span> 
     </span>
     <span class='ocr_line' id='line_1_33' title="bbox 275 4116 1535 4199; baseline -0.001 -22"><span class='ocrx_word' id='word_1_292' title='bbox 275 4116 347 4178; x_wconf 92' lang='lat' dir='ltr'>dem</span> <span class='ocrx_word' id='word_1_293' title='bbox 374 4116 537 4199; x_wconf 89' lang='lat' dir='ltr'>Stephano</span> <span class='ocrx_word' id='word_1_294' title='bbox 563 4117 719 4198; x_wconf 88' lang='lat' dir='ltr'>Hungaro</span> <span class='ocrx_word' id='word_1_295' title='bbox 752 4117 885 4178; x_wconf 91' lang='lat' dir='ltr'>minime</span> <span class='ocrx_word' id='word_1_296' title='bbox 918 4117 1100 4198; x_wconf 90' lang='lat' dir='ltr'>persolvere</span> <span class='ocrx_word' id='word_1_297' title='bbox 1133 4116 1265 4194; x_wconf 89' lang='lat' dir='ltr'>curavit,</span> <span class='ocrx_word' id='word_1_298' title='bbox 1290 4135 1347 4198; x_wconf 93' lang='lat' dir='ltr'>pro</span> <span class='ocrx_word' id='word_1_299' title='bbox 1371 4116 1535 4198; x_wconf 88' lang='lat' dir='ltr'>aliquanta</span> 
     </span>
     <span class='ocr_line' id='line_1_34' title="bbox 274 4221 1535 4305; baseline -0.001 -21"><span class='ocrx_word' id='word_1_300' title='bbox 274 4237 380 4285; x_wconf 90' lang='lat' dir='ltr'>tamen</span> <span class='ocrx_word' id='word_1_301' title='bbox 416 4223 639 4305; x_wconf 89' lang='lat' dir='ltr'>persolucione</span> <span class='ocrx_word' id='word_1_302' title='bbox 672 4224 814 4304; x_wconf 91' lang='lat' dir='ltr'>ipsorum</span> <span class='ocrx_word' id='word_1_303' title='bbox 847 4238 976 4285; x_wconf 93' lang='lat' dir='ltr'>centum</span> <span class='ocrx_word' id='word_1_304' title='bbox 1009 4244 1044 4284; x_wconf 93' lang='lat' dir='ltr'>ac</span> <span class='ocrx_word' id='word_1_305' title='bbox 1075 4243 1129 4284; x_wconf 84' lang='lat' dir='ltr'>ser</span> <span class='ocrx_word' id='word_1_306' title='bbox 1160 4221 1228 4289; x_wconf 88' lang='lat' dir='ltr'>flor.</span> <span class='ocrx_word' id='word_1_307' title='bbox 1259 4223 1327 4283; x_wconf 86' lang='lat' dir='ltr'>auri</span> <span class='ocrx_word' id='word_1_308' title='bbox 1359 4235 1390 4284; x_wconf 93' lang='lat' dir='ltr'>et</span> <span class='ocrx_word' id='word_1_309' title='bbox 1423 4241 1535 4303; x_wconf 90' lang='lat' dir='ltr'>peccu-</span> 
     </span>
     <span class='ocr_line' id='line_1_35' title="bbox 275 4326 1537 4412; baseline -0.001 -22"><span class='ocrx_word' id='word_1_310' title='bbox 275 4331 400 4391; x_wconf 91' lang='lat' dir='ltr'>niarum</span> <span class='ocrx_word' id='word_1_311' title='bbox 425 4343 591 4412; x_wconf 89' lang='lat' dir='ltr'>prenotate</span> <span class='ocrx_word' id='word_1_312' title='bbox 615 4329 726 4410; x_wconf 83' lang='lat' dir='ltr'>vigore</span> <span class='ocrx_word' id='word_1_313' title='bbox 747 4329 888 4412; x_wconf 90' lang='lat' dir='ltr'>predicte</span> <span class='ocrx_word' id='word_1_314' title='bbox 908 4329 1161 4410; x_wconf 92' lang='lat' dir='ltr'>adjudicacionis</span> <span class='ocrx_word' id='word_1_315' title='bbox 1177 4349 1233 4412; x_wconf 90' lang='lat' dir='ltr'>per</span> <span class='ocrx_word' id='word_1_316' title='bbox 1256 4326 1395 4410; x_wconf 89' lang='lat' dir='ltr'>prelatos</span> <span class='ocrx_word' id='word_1_317' title='bbox 1417 4327 1537 4408; x_wconf 86' lang='lat' dir='ltr'>juratos</span> 
     </span>
     <span class='ocr_line' id='line_1_36' title="bbox 275 4432 1536 4517; baseline -0.002 -21"><span class='ocrx_word' id='word_1_318' title='bbox 275 4451 418 4517; x_wconf 88' lang='lat' dir='ltr'>tempore</span> <span class='ocrx_word' id='word_1_319' title='bbox 458 4435 616 4517; x_wconf 83' lang='lat' dir='ltr'>judicatus</span> <span class='ocrx_word' id='word_1_320' title='bbox 656 4433 768 4516; x_wconf 87' lang='lat' dir='ltr'>prefati</span> <span class='ocrx_word' id='word_1_321' title='bbox 802 4433 955 4496; x_wconf 85' lang='lat' dir='ltr'>lobannis</span> <span class='ocrx_word' id='word_1_322' title='bbox 994 4435 1108 4516; x_wconf 89' lang='lat' dir='ltr'>judicis</span> <span class='ocrx_word' id='word_1_323' title='bbox 1149 4435 1207 4516; x_wconf 93' lang='lat' dir='ltr'>ipsi</span> <span class='ocrx_word' id='word_1_324' title='bbox 1248 4433 1411 4516; x_wconf 88' lang='lat' dir='ltr'>Stephano</span> <span class='ocrx_word' id='word_1_325' title='bbox 1446 4432 1536 4494; x_wconf 90' lang='lat' dir='ltr'>reddi</span> 
     </span>
     <span class='ocr_line' id='line_1_37' title="bbox 240 4539 1536 4623; baseline -0.002 -20"><span class='ocrx_word' id='word_1_326' title='bbox 240 4603 246 4616; x_wconf 84' lang='grc'>,</span> <span class='ocrx_word' id='word_1_327' title='bbox 276 4539 425 4603; x_wconf 82' lang='lat' dir='ltr'>statutam</span> <span class='ocrx_word' id='word_1_328' title='bbox 450 4555 480 4602; x_wconf 92' lang='lat' dir='ltr'>et</span> <span class='ocrx_word' id='word_1_329' title='bbox 505 4542 701 4618; x_wconf 87' lang='lat' dir='ltr'>commissas,</span> <span class='ocrx_word' id='word_1_330' title='bbox 731 4555 826 4622; x_wconf 92' lang='lat' dir='ltr'>prout</span> <span class='ocrx_word' id='word_1_331' title='bbox 857 4540 917 4602; x_wconf 89' lang='lat' dir='ltr'>hoc</span> <span class='ocrx_word' id='word_1_332' title='bbox 949 4541 1095 4623; x_wconf 87' lang='lat' dir='ltr'>superius</span> <span class='ocrx_word' id='word_1_333' title='bbox 1128 4542 1158 4602; x_wconf 92' lang='lat' dir='ltr'>in</span> <span class='ocrx_word' id='word_1_334' title='bbox 1183 4541 1307 4623; x_wconf 88' lang='lat' dir='ltr'>scriptis</span> <span class='ocrx_word' id='word_1_335' title='bbox 1338 4540 1438 4602; x_wconf 91' lang='lat' dir='ltr'>lacius</span> <span class='ocrx_word' id='word_1_336' title='bbox 1461 4559 1536 4600; x_wconf 90' lang='lat' dir='ltr'>con·</span> 
     </span>
     <span class='ocr_line' id='line_1_38' title="bbox 277 4647 1537 4728; baseline -0.001 -19"><span class='ocrx_word' id='word_1_337' title='bbox 277 4650 392 4710; x_wconf 90' lang='lat' dir='ltr'>tinetur</span> <span class='ocrx_word' id='word_1_338' title='bbox 417 4663 447 4710; x_wconf 93' lang='lat' dir='ltr'>et</span> <span class='ocrx_word' id='word_1_339' title='bbox 471 4649 615 4726; x_wconf 89' lang='lat' dir='ltr'>habetur,</span> <span class='ocrx_word' id='word_1_340' title='bbox 647 4648 742 4709; x_wconf 92' lang='lat' dir='ltr'>simul</span> <span class='ocrx_word' id='word_1_341' title='bbox 777 4667 849 4710; x_wconf 91' lang='lat' dir='ltr'>cum</span> <span class='ocrx_word' id='word_1_342' title='bbox 882 4649 1033 4709; x_wconf 91' lang='lat' dir='ltr'>omnibus</span> <span class='ocrx_word' id='word_1_343' title='bbox 1065 4647 1251 4709; x_wconf 89' lang='lat' dir='ltr'>earumdem</span> <span class='ocrx_word' id='word_1_344' title='bbox 1275 4647 1374 4728; x_wconf 91' lang='lat' dir='ltr'>ipsius</span> <span class='ocrx_word' id='word_1_345' title='bbox 1405 4647 1537 4708; x_wconf 91' lang='lat' dir='ltr'>domine</span> 
     </span>
     <span class='ocr_line' id='line_1_39' title="bbox 276 4754 1535 4837; baseline -0.002 -20"><span class='ocrx_word' id='word_1_346' title='bbox 276 4756 414 4818; x_wconf 89' lang='lat' dir='ltr'>Barbare</span> <span class='ocrx_word' id='word_1_347' title='bbox 451 4755 595 4836; x_wconf 90' lang='lat' dir='ltr'>quinque</span> <span class='ocrx_word' id='word_1_348' title='bbox 640 4755 879 4837; x_wconf 89' lang='lat' dir='ltr'>possessionum</span> <span class='ocrx_word' id='word_1_349' title='bbox 914 4767 944 4816; x_wconf 92' lang='lat' dir='ltr'>et</span> <span class='ocrx_word' id='word_1_350' title='bbox 982 4755 1173 4837; x_wconf 92' lang='lat' dir='ltr'>porcionum</span> <span class='ocrx_word' id='word_1_351' title='bbox 1213 4754 1535 4836; x_wconf 88' lang='lat' dir='ltr'>possessionariarum</span> 
     </span>
     <span class='ocr_line' id='line_1_40' title="bbox 275 4859 1536 4923; baseline -0.001 -1"><span class='ocrx_word' id='word_1_352' title='bbox 275 4862 425 4923; x_wconf 87' lang='lat' dir='ltr'>videlicet</span> <span class='ocrx_word' id='word_1_353' title='bbox 450 4861 566 4922; x_wconf 91' lang='lat' dir='ltr'>domus</span> <span class='ocrx_word' id='word_1_354' title='bbox 590 4875 714 4922; x_wconf 81' lang='lat' dir='ltr'>murare</span> <span class='ocrx_word' id='word_1_355' title='bbox 746 4875 777 4922; x_wconf 90' lang='lat' dir='ltr'>et</span> <span class='ocrx_word' id='word_1_356' title='bbox 809 4859 899 4922; x_wconf 89' lang='lat' dir='ltr'>lundi</span> <span class='ocrx_word' id='word_1_357' title='bbox 924 4881 959 4922; x_wconf 95' lang='lat' dir='ltr'>ac</span> <span class='ocrx_word' id='word_1_358' title='bbox 991 4862 1078 4922; x_wconf 89' lang='lat' dir='ltr'>curie</span> <span class='ocrx_word' id='word_1_359' title='bbox 1107 4879 1165 4922; x_wconf 93' lang='lat' dir='ltr'>nec</span> <span class='ocrx_word' id='word_1_360' title='bbox 1197 4880 1262 4922; x_wconf 95' lang='lat' dir='ltr'>non</span> <span class='ocrx_word' id='word_1_361' title='bbox 1288 4861 1480 4921; x_wconf 88' lang='lat' dir='ltr'>celariorum</span> <span class='ocrx_word' id='word_1_362' title='bbox 1506 4875 1536 4921; x_wconf 95' lang='lat' dir='ltr'>et</span> 
     </span>
     <span class='ocr_line' id='line_1_41' title="bbox 276 4966 1535 5049; baseline -0.002 -19"><span class='ocrx_word' id='word_1_363' title='bbox 276 4971 409 5030; x_wconf 82' lang='lat' dir='ltr'>cisterna</span> <span class='ocrx_word' id='word_1_364' title='bbox 433 4968 580 5030; x_wconf 90' lang='lat' dir='ltr'>similiter</span> <span class='ocrx_word' id='word_1_365' title='bbox 605 4981 813 5046; x_wconf 87' lang='lat' dir='ltr'>muratarum,</span> <span class='ocrx_word' id='word_1_366' title='bbox 838 4987 873 5028; x_wconf 91' lang='lat' dir='ltr'>ac</span> <span class='ocrx_word' id='word_1_367' title='bbox 891 4966 1113 5028; x_wconf 80' lang='lat' dir='ltr'>liedificiorum</span> <span class='ocrx_word' id='word_1_368' title='bbox 1131 4982 1195 5027; x_wconf 89' lang='lat' dir='ltr'>tam</span> <span class='ocrx_word' id='word_1_369' title='bbox 1220 4966 1420 5048; x_wconf 90' lang='lat' dir='ltr'>lapideorum</span> <span class='ocrx_word' id='word_1_370' title='bbox 1439 4986 1535 5049; x_wconf 92' lang='lat' dir='ltr'>quam</span> 
     </span>
    </p>
   </div>
   <div class='ocr_carea' id='block_1_4' title="bbox 275 5073 1537 5200">
    <p class='ocr_par' dir='ltr' id='par_1_4' title="bbox 275 5073 1537 5200">
     <span class='ocr_line' id='line_1_42' title="bbox 275 5073 1537 5156; baseline -0.002 -20"><span class='ocrx_word' id='word_1_371' title='bbox 275 5076 457 5156; x_wconf 87' lang='lat' dir='ltr'>ligneorum</span> <span class='ocrx_word' id='word_1_372' title='bbox 494 5075 572 5136; x_wconf 92' lang='lat' dir='ltr'>inibi</span> <span class='ocrx_word' id='word_1_373' title='bbox 608 5073 789 5135; x_wconf 87' lang='lat' dir='ltr'>habitorum</span> <span class='ocrx_word' id='word_1_374' title='bbox 822 5089 852 5135; x_wconf 89' lang='lat' dir='ltr'>et</span> <span class='ocrx_word' id='word_1_375' title='bbox 877 5089 1142 5152; x_wconf 88' lang='lat' dir='ltr'>constructorum,</span> <span class='ocrx_word' id='word_1_376' title='bbox 1170 5073 1250 5134; x_wconf 89' lang='lat' dir='ltr'>duas</span> <span class='ocrx_word' id='word_1_377' title='bbox 1285 5074 1317 5134; x_wconf 94' lang='lat' dir='ltr'>in</span> <span class='ocrx_word' id='word_1_378' title='bbox 1341 5085 1410 5135; x_wconf 93' lang='lat' dir='ltr'>toto</span> <span class='ocrx_word' id='word_1_379' title='bbox 1434 5073 1537 5135; x_wconf 90' lang='lat' dir='ltr'>curias</span> 
     </span>
     <span class='ocr_line' id='line_1_43' title="bbox 1431 5159 1451 5200; baseline 0 0"><span class='ocrx_word' id='word_1_380' title='bbox 1431 5159 1451 5200; x_wconf 77' lang='lat' dir='ltr'>s</span> 
     </span>
    </p>
   </div>
   <div class='ocr_carea' id='block_1_5' title="bbox 0 0 1938 5798">
    <p class='ocr_par' dir='ltr' id='par_1_5' title="bbox 0 0 1938 5798">
     <span class='ocr_line' id='line_1_44' title="bbox 0 0 1938 5798; baseline 0 0"><span class='ocrx_word' id='word_1_381' title='bbox 0 0 1938 5798; x_wconf 95' lang='lat' dir='ltr'> </span> 
     </span>
    </p>
   </div>
  </div>
 </body>
</html>
