3832 5804
398 523 458 584 208
927 526 1013 580 Anno
1036 523 1126 599 1461.

395 749 477 797 terre
502 737 644 818 ipsorum
669 734 799 796 arabilis
816 735 848 795 in
874 754 988 816 campo
1012 747 1042 796 et
1066 735 1226 796 territorio
1245 733 1328 796 dicte
1353 733 1489 794 civitatis
1514 731 1594 793 inter
1609 731 1658 824 ie-

395 843 472 903 nilia
497 842 640 902 virorum
666 841 875 923 providorum
901 855 932 902 et
956 841 1165 902 honestorum
1183 841 1332 902 videlicet
1364 838 1518 902 iohannis
1542 839 1659 900 Bolsalt

395 949 652 1028 seniorisjudicis
669 947 888 1010 etClementis
904 945 1060 1009 carnificis
1077 949 1258 1009 concivium
1277 963 1458 1008 nostrorum
1478 945 1659 1023 existentes,

397 1057 482 1138 ipsos
506 1055 697 1117 hereditarie
733 1068 978 1132 concernentes,
1006 1053 1130 1136 prefato
1156 1054 1293 1116 Johanni
1323 1053 1438 1115 Bolsalt
1463 1071 1520 1134 pro
1545 1051 1657 1113 decern

396 1181 467 1223 cunr
487 1161 594 1222 medio
620 1160 689 1222 flor.
714 1161 782 1222 auri
806 1161 1021 1222 vendiderunt
1042 1181 1098 1242 per
1114 1160 1253 1222 eundem
1278 1173 1309 1222 et
1332 1179 1407 1222 suos
1431 1158 1565 1221 heredes
1588 1177 1658 1240 per-

396 1283 494 1350 petuo
518 1268 684 1330 tenendas.

503 1375 578 1436 Item
606 1375 773 1437 Emericus
797 1373 937 1456 agricola
963 1373 1047 1435 lilius
1063 1374 1200 1436 condam
1226 1374 1310 1436 Petri
1336 1372 1490 1457 Barylycz
1515 1372 1554 1432 de
1579 1372 1657 1451 Zep-

398 1503 496 1564 nycza
521 1483 663 1544 concivis
688 1495 805 1559 noster,
830 1482 992 1563 quandam
1020 1481 1146 1542 vineam
1173 1501 1228 1543 seu
1245 1481 1433 1562 porcionem
1458 1498 1547 1540 suam
1567 1460 1661 1539 ¹vine·

397 1590 479 1651 alem
505 1588 601 1648 simul
627 1607 699 1648 curn
724 1587 867 1669 virgulto
886 1587 990 1649 eidem
1010 1587 1157 1668 porcioni
1176 1587 1293 1648 vineali
1310 1585 1500 1668 subjacenti,
1526 1585 1556 1645 in
1573 1584 1661 1646 terri·

397 1695 480 1756 torio
505 1707 613 1755 nostro
641 1693 672 1753 iu
698 1693 782 1756 dicta
800 1694 926 1755 civitate
953 1693 1036 1754 inter
1054 1693 1179 1778 vineam
1198 1693 1323 1774 providi
1342 1692 1496 1754 Demetrii
1515 1691 1661 1752 moderni

398 1801 488 1878 jurati
515 1814 545 1861 et
568 1799 711 1861 concivis
736 1801 834 1860 nostri
858 1798 916 1860 filii
940 1794 1073 1878 Vrbani,
1098 1799 1137 1860 ab
1161 1819 1222 1860 una
1249 1819 1266 1860 a
1292 1797 1543 1881 septemtrionali
1564 1811 1662 1878 parte,

398 1921 429 1968 et
453 1906 535 1968 inter
566 1906 692 1966 vineam
725 1903 836 1986 prefati
872 1905 967 1966 Blasii
1001 1907 1148 1968 moderni
1182 1905 1296 1986 judicis
1330 1905 1440 1982 nostri,
1472 1903 1663 1965 videliceta

398 2011 600 2073 meridionali
631 2025 719 2092 parte
758 2011 919 2073 mediante
944 2026 1052 2073 meatu
1086 2032 1142 2072 seu
1167 2011 1303 2073 decursu
1327 2031 1410 2093 aque
1435 2010 1586 2092 pluvialis
1610 2010 1662 2070 ha·

399 2118 508 2196 bitum,
532 2118 625 2178 sitam
658 2132 688 2179 et
721 2118 921 2196 existentem,
954 2117 1091 2200 desuper
1124 2139 1140 2178 a
1174 2119 1224 2178 via
1257 2119 1394 2200 quadam
1428 2115 1663 2178 circumvicinis

398 2223 625 2285 tantummodo
650 2223 814 2284 communi
840 2244 897 2285 seu
921 2244 980 2306 pro
1014 2239 1097 2285 meta
1125 2225 1207 2285 inter
1235 2224 1331 2285 aliam
1356 2223 1543 2306 porcionem
1577 2223 1658 2282 eius·

399 2330 471 2390 dem
498 2330 590 2390 vinee
616 2329 778 2410 deputata,
810 2331 850 2391 ab
882 2330 1047 2391 occidente
1072 2330 1191 2407 habita,
1216 2346 1247 2390 et
1271 2327 1352 2390 inira
1386 2349 1486 2410 usque
1520 2327 1661 2389 rivulum

399 2455 455 2496 seu
480 2436 649 2496 decursum
675 2455 757 2517 aque
782 2435 933 2519 pluvialis
957 2438 996 2496 ab
1021 2436 1144 2497 oriente
1166 2436 1323 2514 habitum,
1348 2436 1453 2517 ipsum
1478 2434 1663 2496 Emericum

399 2561 415 2602 a
442 2541 579 2603 discreto
604 2542 673 2603 viro
698 2541 832 2603 domino
858 2541 1028 2604 Clemente
1053 2543 1229 2623 presbitero
1251 2540 1318 2603 filio
1342 2540 1479 2603 condam
1507 2541 1662 2602 Anthonii

399 2647 438 2708 de
465 2648 609 2730 Rakarya
635 2667 720 2708 nunc
746 2648 896 2728 magistro
923 2647 1089 2730 hospitalis
1113 2649 1213 2709 nostri
1238 2648 1420 2710 communis
1444 2649 1537 2709 beate
1563 2647 1662 2709 Marie

399 2755 530 2833 virginis
567 2755 745 2836 empcionis
767 2754 862 2816 titulo
896 2753 1069 2816 literatorie
1094 2768 1353 2833 concernentem,
1380 2754 1544 2836 Stephano
1571 2753 1664 2814 Hun-

400 2879 477 2940 garo
504 2859 654 2922 Plathnar
686 2859 772 2921 dicto
805 2859 872 2922 filio
906 2859 1073 2922 Michaelis
1102 2861 1204 2922 Sodar
1229 2861 1269 2922 de
1302 2861 1471 2922 Kolosvvar
1505 2858 1664 2921 moderno

401 2967 506 3048 jurato
531 2981 562 3029 et
585 2967 710 3028 concivi
736 2981 846 3028 nostro
880 2985 938 3048 pro
970 2967 1113 3048 quinque
1146 2966 1214 3030 lior.
1242 2981 1272 3028 et
1295 2967 1360 3028 suis
1391 2965 1563 3028 heredibus
1597 2965 1665 3045 jure

403 3087 558 3156 perpetuo
584 3073 790 3135 vendidisset.

508 3180 583 3240 Item
610 3179 699 3260 quod
716 3179 791 3260 quia
816 3179 950 3260 provida
968 3179 1100 3240 domina
1124 3179 1335 3260 Margaretha,
1361 3179 1500 3262 primum
1527 3178 1665 3240 condam

401 3285 509 3346 Jacobi
537 3285 702 3366 Eberspelt
727 3285 802 3345 dicti
828 3285 908 3346 olim
931 3285 1046 3365 judicis
1071 3299 1101 3347 et
1126 3287 1268 3346 concivis
1296 3285 1406 3363 nostri,
1431 3285 1562 3346 tandem
1587 3303 1663 3345 vero

402 3391 513 3451 Altacii
538 3391 674 3450 senioris
698 3389 791 3471 jurati
817 3405 848 3451 et
871 3391 1019 3454 similiter
1044 3393 1185 3454 concivis
1209 3393 1307 3454 nostri
1338 3391 1459 3469 relicta,
1484 3391 1515 3452 in
1541 3410 1600 3452 suo
1618 3390 1664 3451 ul·

400 3496 480 3556 timo
505 3495 635 3576 eulogio
673 3495 825 3558 directam
859 3511 890 3559 et
922 3498 1071 3578 equalem
1105 3499 1329 3578 medietatem,
1360 3511 1484 3579 partem
1516 3496 1665 3557 videlicet

401 3603 611 3683 posteriorem
638 3603 805 3664 cuiusdam
830 3603 946 3664 domus
970 3623 1026 3666 sue
1051 3619 1081 3666 et
1099 3603 1190 3666 fundi
1214 3625 1250 3667 ac
1275 3603 1498 3666 hedificiorum
1524 3605 1555 3664 in
1582 3602 1664 3663 dicta

401 3708 528 3768 civitate
546 3708 627 3768 inter
646 3708 742 3769 aliam
760 3709 893 3770 domum
912 3723 942 3770 et
960 3709 1095 3771 fundum
1114 3729 1206 3772 suum
1225 3713 1264 3772 ab
1283 3730 1346 3772 una
1371 3710 1522 3771 videlicet
1539 3729 1554 3770 a
1573 3707 1665 3769 meri-

402 3812 522 3873 dionali
548 3829 647 3894 parte,
672 3833 707 3874 ac
732 3815 813 3875 inter
846 3813 981 3875 fundum
1016 3830 1047 3876 et
1078 3817 1212 3877 domum
1238 3816 1367 3878 Thome
1401 3813 1559 3877 carnificis
1591 3812 1665 3875 dicti

403 3917 524 3977 Pethko
549 3918 689 3978 concivis
715 3919 813 3980 nostri
839 3921 878 3979 ab
903 3919 1000 3980 altera
1027 3940 1044 3980 a
1068 3921 1323 4002 septemtrionali
1353 3937 1442 4004 parte
1467 3922 1667 3998 existentem,

403 4042 498 4082 unam
524 4037 670 4103 quartam
696 4038 727 4086 et
751 4044 847 4085 unam
874 4045 946 4086 cum
972 4027 1078 4087 media
1112 4041 1258 4089 octavam
1282 4028 1370 4091 curie
1398 4027 1437 4088 ad
1463 4047 1556 4088 usum
1591 4027 1667 4089 civi-

402 4128 475 4188 tatis
499 4128 532 4189 in
557 4143 624 4190 toto
650 4129 681 4189 in
714 4150 746 4191 se
778 4132 1008 4212 continentem,
1041 4134 1143 4215 ipsam
1175 4133 1312 4196 condam
1351 4133 1516 4196 dominam
1543 4135 1665 4214 Marga-

402 4233 523 4294 retham
549 4255 565 4294 a
590 4235 659 4295 viro
684 4235 820 4316 provido
838 4237 982 4299 Fabiano
999 4240 1156 4320 piscatore
1181 4238 1248 4301 filio
1267 4239 1396 4302 Thome
1421 4239 1462 4302 de
1486 4238 1664 4322 Chycza(u)

402 4341 481 4401 alias
505 4343 636 4402 concive
662 4357 771 4404 nostro
797 4344 975 4425 empcionis
998 4345 1093 4405 titulo
1122 4345 1297 4407 literatorie
1322 4361 1580 4422 concernentem,
1609 4346 1665 4408 ho·

403 4461 490 4510 neste
516 4447 641 4508 mulieri
677 4449 854 4533 Elyzabeth
888 4451 998 4512 relicte
1034 4451 1170 4512 condam
1206 4451 1355 4534 Gregorii
1388 4452 1578 4534 carpentarii
1611 4450 1664 4513 filii

403 4553 539 4613 condam
559 4554 685 4614 Martini
706 4555 845 4635 primum
864 4569 894 4617 et
910 4556 1039 4618 tandem
1058 4557 1205 4619 similiter
1226 4558 1334 4621 relicte
1353 4558 1491 4620 condam
1510 4557 1666 4640 Stephlyn
1745 4555 1756 4568 ⁸

403 4656 559 4718 carnificis
575 4658 655 4720 olim
672 4661 854 4722 concivium
872 4676 1054 4723 nostrorum
1080 4677 1110 4724 et
1134 4683 1190 4745 per
1207 4683 1277 4726 eant
1302 4665 1368 4726 auis
1392 4663 1565 4726 heredibus
1581 4663 1665 4744 lega·

405 4763 498 4823 visset
523 4779 552 4824 et
577 4763 747 4826 dimisisset
772 4781 879 4828 tenere
905 4784 1071 4849 perpetuo,
1096 4790 1131 4830 ac
1156 4770 1251 4832 aliam
1277 4771 1430 4834 directam
1461 4770 1664 4833 medietatem

405 4868 503 4948 ipsius
527 4870 642 4930 domus
668 4886 698 4933 et
723 4872 812 4933 fundi
838 4875 932 4934 unius
957 4895 1027 4936 cum
1055 4877 1160 4938 media
1185 4878 1270 4938 curie
1296 4891 1326 4940 et
1351 4877 1532 4939 medietatis
1557 4877 1662 4938 medie

404 4985 515 5032 octave
540 4975 624 5035 curie
650 4997 666 5036 a
692 4991 859 5056 prenotato
884 4979 1022 5041 condam
1048 4981 1208 5063 Gregorio
1237 4983 1342 5064 primo
1369 4983 1483 5046 marito
1509 5003 1568 5045 suo
1593 4995 1663 5064 post
