3854 5798
423 553 485 619 232
953 537 1039 593 Anno
1061 531 1153 612 1463.

422 749 650 812 condicionem
682 747 818 810 civitatis
859 761 1024 830 prenotate
1063 746 1373 828 quomodocumque
1406 747 1546 808 voluerit
1578 747 1684 828 dispo·

425 855 566 918 nendam
591 869 649 919 etc.

529 961 628 1036 Quod
646 962 722 1044 quia
738 962 787 1022 vir
804 961 958 1044 providus
973 961 1164 1024 Valentinus
1188 975 1289 1022 sartor
1307 961 1453 1023 concivis
1476 976 1585 1023 noster
1600 960 1683 1022 filius

424 1067 562 1130 condam
586 1069 716 1131 Andree
739 1067 796 1130 filii
829 1068 908 1130 olim
934 1068 1064 1129 Martini
1097 1068 1172 1129 dicti
1206 1069 1313 1130 Kozar
1337 1068 1376 1129 de
1403 1068 1524 1146 Othok‚
1556 1067 1595 1129 ad
1627 1088 1682 1129 no-

425 1189 522 1238 stram
546 1175 678 1237 veniens
694 1175 891 1257 presenciam
916 1173 1007 1253 dixit,
1024 1173 1192 1255 quomodo
1210 1174 1277 1256 ipse
1295 1175 1374 1236 duas
1392 1191 1496 1256 partes
1520 1176 1684 1237 cuiusdam

423 1279 516 1344 fundi
542 1295 573 1344 et
596 1281 700 1344 civilis
723 1281 771 1342 sui
796 1281 828 1342 in
853 1280 937 1342 dicta
961 1281 1087 1342 civitate
1116 1283 1199 1343 inter
1232 1281 1348 1343 domos
1372 1296 1403 1344 et
1427 1281 1546 1343 fundos
1569 1283 1683 1344 libero-

423 1407 495 1450 rum
519 1407 576 1450 seu
599 1407 819 1450 successorum
851 1387 989 1449 condam
1014 1387 1152 1451 Emerici
1185 1390 1302 1451 sutoris
1334 1390 1412 1450 olim
1438 1389 1531 1470 jurati
1557 1405 1588 1451 et
1611 1409 1684 1451 coo-

424 1494 502 1556 civis
526 1495 625 1556 nostri
650 1514 686 1556 ac
709 1495 852 1556 virorum
877 1494 1085 1576 providorum
1111 1509 1142 1555 et
1165 1493 1375 1556 honestorum
1402 1496 1481 1580 Elye
1505 1497 1622 1557 sutoris
1637 1517 1683 1556 se·

424 1601 524 1663 nioris
546 1599 640 1681 jurati
665 1599 722 1662 filii
748 1600 903 1678 Barnabe,
933 1615 964 1662 et
995 1599 1109 1683 prelati
1134 1601 1263 1662 Andree
1297 1602 1445 1662 moderni
1471 1601 1564 1680 jurati
1590 1617 1621 1664 et
1645 1603 1683 1663 si·

423 1708 541 1770 militer
564 1707 705 1770 concivis
729 1707 828 1769 nostri
859 1705 916 1768 filii
941 1707 1092 1770 videlicet
1124 1708 1301 1787 Michaelis,
1333 1711 1372 1770 ab
1404 1729 1466 1770 una
1491 1710 1683 1772 videliceta

424 1814 630 1876 meridionali
654 1827 755 1896 parte,
779 1833 815 1875 ac
840 1812 974 1894 Georgii
999 1815 1114 1875 sutoris
1138 1817 1178 1876 ab
1195 1815 1294 1875 altera
1318 1815 1470 1877 videlicet
1485 1816 1684 1898 septemtrio-

425 1921 490 1982 nali
514 1933 604 2003 parte
628 1921 784 1999 habitam,
809 1939 905 1981 unam
923 1933 1070 2002 quartam
1088 1922 1175 1982 curie
1192 1921 1231 1982 ad
1249 1941 1342 1982 usum
1360 1922 1496 1984 civitatis
1520 1937 1684 2003 prenotate

424 2027 456 2088 in
481 2047 514 2088 se
538 2027 769 2106 continentem,
794 2027 900 2109 ipsum
917 2047 933 2087 a
952 2027 1086 2108 provida
1112 2026 1246 2088 muliere
1265 2033 1390 2108 Agnete
1415 2029 1523 2090 relicta
1548 2029 1684 2090 condam

425 2131 605 2195 Clementis
629 2133 782 2195 institoris
813 2133 893 2194 olim
925 2133 1067 2194 concivis
1100 2133 1199 2194 nostri
1233 2131 1290 2194 filii
1324 2133 1476 2216 Stephani
1503 2154 1587 2195 nuoc
1612 2155 1685 2196 coo·

423 2253 508 2301 sorte
532 2258 589 2301 sua
615 2239 772 2320 legittima
797 2239 987 2301 donacionis
1010 2240 1105 2300 titulo
1123 2254 1383 2318 conternantem,
1408 2239 1531 2322 prelato
1557 2243 1684 2302 Andree

423 2345 524 2407 sutori
548 2343 616 2407 filio
641 2345 809 2408 Michaelis
832 2347 990 2407 moderno
1016 2346 1119 2428 jurato
1138 2366 1196 2428 pro
1213 2347 1324 2408 decem
1350 2349 1456 2429 pensis
1480 2348 1683 2410 denariorum

424 2473 460 2515 ac
484 2473 541 2536 per
575 2473 648 2516 eum
681 2455 746 2516 suis
778 2453 950 2516 heredibus
980 2454 1177 2516 vendidisset
1208 2468 1364 2536 perpetuo
1397 2455 1624 2536 possidendam
1656 2471 1687 2518 et

424 2558 733 2642 quomodocumque
757 2560 896 2622 voluerit
919 2560 1166 2643 disponendam.

542 2665 587 2729 Ut
620 2667 695 2749 quia
727 2667 862 2748 provida
901 2681 932 2728 et
963 2667 1095 2728 honesta
1135 2667 1250 2728 mulier
1282 2667 1384 2728 Elena
1416 2681 1527 2728 vocata
1561 2667 1686 2750 lelycza

426 2771 511 2834 dicta
535 2772 676 2855 primurn
701 2773 811 2835 relicta
835 2774 972 2835 condam
998 2773 1124 2854 providi
1155 2774 1215 2834 viri
1242 2774 1384 2835 Simonis
1407 2794 1483 2836 coce
1507 2775 1586 2836 olim
1611 2795 1686 2835 con-

424 2879 503 2941 civis
527 2879 627 2942 nostri
652 2877 709 2941 filii
734 2880 873 2941 condam
898 2880 1026 2942 Martini
1052 2879 1092 2941 de
1117 2881 1265 2942 Zanabor
1293 2881 1434 2942 concivis
1457 2880 1577 2958 nostri,
1602 2899 1685 2941 nunc

425 3004 557 3047 consors
580 2985 737 3066 legittima
763 2985 909 3068 Dyonisii
938 2987 1078 3066 agricole
1112 2986 1334 3048 inhabitatoris
1358 2987 1441 3049 dicte
1466 2987 1605 3049 civitatis
1630 2987 1685 3048 filii

427 3091 591 3154 Benedicti
601 3091 856 3170 deWarasdino,
867 3107 962 3174 atque
976 3092 1150 3176 Elyzabeth
1164 3091 1228 3154 filie
1239 3113 1295 3155 sue
1313 3113 1384 3154 cum
1397 3092 1540 3175 predicto
1556 3094 1686 3154 Simone

425 3200 592 3282 progenite
617 3199 698 3261 fassa
726 3214 783 3277 est,
815 3200 978 3281 quandam
1010 3199 1144 3261 domum
1174 3220 1264 3260 suam
1299 3217 1453 3262 muratam
1479 3216 1511 3262 et
1535 3201 1687 3281 ligneam,

425 3305 522 3367 simul
546 3325 620 3368 cum
644 3304 745 3367 lundo
770 3320 801 3366 et
825 3305 981 3367 hedificiis
1005 3321 1070 3367 tarn
1087 3306 1206 3388 lapidei
1232 3326 1328 3388 quam
1350 3307 1448 3387 lignei
1474 3309 1581 3388 operis
1607 3309 1686 3368 inibi

426 3412 542 3474 habitis
565 3426 597 3474 et
620 3413 809 3474 constructis
835 3413 865 3472 in
900 3413 983 3473 dicta
1017 3413 1144 3474 civitate
1176 3413 1259 3474 inter
1290 3413 1405 3474 domos
1436 3429 1467 3474 et
1492 3413 1610 3476 fundos
1635 3415 1686 3475 Jo-

429 3517 543 3580 hannis
566 3519 695 3580 sartoris
719 3517 775 3579 lilii
802 3518 955 3600 Stephani
979 3521 1088 3599 generi
1114 3519 1309 3603 Wenthycb,
1342 3523 1381 3580 ab
1406 3541 1469 3581 una
1494 3521 1646 3583 videlicet
1669 3541 1686 3582 a

429 3624 632 3686 meridionali
665 3637 765 3706 parte,
798 3639 828 3686 et
860 3625 1007 3707 Dyonisii
1040 3625 1193 3686 institoris
1226 3625 1281 3686 lilii
1316 3627 1452 3688 condam
1478 3626 1623 3708 Georgii,
1647 3630 1686 3688 ab

427 3731 525 3794 altera
550 3731 742 3792 videliceta
773 3732 1028 3814 septemtrionali
1058 3747 1145 3812 parte
1178 3733 1317 3794 habitam
1343 3749 1375 3794 et
1406 3736 1566 3811 situatam,
1590 3735 1685 3795 simul

426 3857 499 3900 curn
523 3837 665 3920 quodam
687 3839 796 3919 spacio
821 3853 901 3899 terre
925 3858 1023 3919 penes
1047 3839 1164 3900 dictam
1183 3839 1317 3900 domum
1343 3853 1499 3900 muratam
1525 3841 1556 3900 in
1582 3841 1686 3920 longi·

426 3945 537 4007 tudine
561 3946 601 4005 ab
618 3964 681 4006 una
706 3945 756 4005 via
774 3945 938 4005 communi
957 3965 1058 4026 usqne
1084 3946 1122 4005 ad
1141 3945 1237 4006 aliam
1256 3945 1341 4006 viam
1366 3965 1574 4007 communem
1593 3962 1688 4028 prout

426 4071 459 4114 se
477 4052 559 4114 dicta
578 4052 694 4113 domus
718 4067 748 4112 et
766 4050 885 4113 landus
901 4052 1053 4129 extendit,
1078 4052 1111 4112 in
1136 4051 1304 4113 latitudine
1329 4071 1405 4112 vero
1429 4073 1445 4112 a
1471 4071 1563 4113 muro
1590 4053 1688 4133 ipsius

426 4160 542 4221 domus
558 4173 681 4220 mutate
698 4173 728 4219 et
745 4178 845 4240 usque
871 4157 1006 4219 fundum
1031 4157 1142 4240 prelati
1171 4158 1316 4240 Dyonisii
1343 4159 1497 4218 institoris
1521 4179 1553 4219 se
1579 4173 1686 4220 exten·

426 4265 530 4326 dentis
540 4265 682 4345 quinque
693 4265 842 4326 videlicet
856 4265 983 4325 brachia
999 4263 1098 4326 ferrea
1111 4265 1141 4324 in
1157 4284 1189 4325 se
1200 4265 1378 4342 continens,
1390 4266 1529 4325 mediam
1542 4280 1685 4346 quartam

426 4386 457 4432 et
480 4385 626 4432 octavam
651 4385 772 4452 partem
798 4373 884 4432 curie
910 4372 1073 4452 integralis
1098 4371 1135 4431 ad
1162 4391 1255 4432 usum
1290 4369 1413 4453 prefate
1439 4372 1574 4433 civitatis
1599 4373 1629 4432 in
1654 4393 1686 4432 se

426 4477 654 4555 continentem,
679 4477 781 4559 ipsam
807 4478 983 4560 Elyzabeth
1013 4497 1151 4539 unacum
1180 4476 1301 4559 prefata
1326 4475 1391 4538 filia
1422 4478 1540 4558 pariter
1566 4493 1687 4555 vocata,

426 4603 443 4644 a
467 4582 590 4664 prefato
615 4584 751 4644 condam
779 4584 910 4646 Simone
935 4604 1013 4645 coco
1037 4583 1105 4666 jure
1130 4583 1323 4645 hereditario
1341 4600 1599 4662 concernentem,
1616 4605 1686 4666 pre-

426 4688 490 4751 lato
516 4690 672 4773 Dyonisio
697 4692 766 4752 viro
791 4711 850 4752 suo
875 4690 1015 4752 dedisset
1038 4711 1073 4752 ac
1095 4691 1295 4773 propinasset
1312 4711 1367 4772 per
1390 4711 1463 4751 eum
1490 4705 1520 4752 et
1543 4692 1607 4751 suis
1634 4690 1686 4751 he-

426 4796 555 4857 redibus
580 4795 666 4875 juxta
692 4797 917 4858 condicionem
943 4797 1079 4858 civitatis
1108 4796 1230 4878 prefate
1263 4797 1570 4879 quomodocumque
1597 4798 1685 4858 volu·

427 4902 485 4962 erit
509 4902 756 4982 disponendam.

532 5006 631 5080 Quod
664 5009 737 5088 quia
771 5007 911 5091 prefatus
936 5009 1126 5070 Valentinus
1150 5025 1253 5070 sartor
1287 5009 1429 5070 concivis
1465 5025 1571 5070 noster
1602 5008 1686 5070 filius
