3854 5798
396 589 456 648 ²4t
934 571 1021 628 Anno
1044 566 1138 648 1464.

393 779 532 843 carnifici
558 779 625 842 filio
644 780 764 842 Mathie
789 780 891 864 llsych
909 781 995 842 dicto
1021 781 1060 842 de
1078 780 1229 860 Chasma‚
1247 795 1281 842 ut
1302 779 1363 859 jam
1390 782 1512 843 concivi
1532 796 1654 860 nostre,

393 903 423 951 et
446 907 503 970 per
527 907 602 948 eum
627 887 726 969 ipsius
750 887 924 948 heredibus
947 908 1005 969 pro
1030 887 1141 949 decem
1171 887 1241 951 flor.
1265 889 1334 949 auri
1359 887 1592 950 vendidissent.

500 994 598 1069 Quod
623 994 699 1075 quia
717 994 871 1076 providus
888 1008 918 1056 et
935 995 1183 1077 circumspectus
1199 995 1246 1057 vir
1264 997 1419 1056 Martinus
1435 996 1543 1057 senior
1559 993 1656 1076 judex

394 1113 424 1163 et
448 1100 590 1163 concivis
613 1114 721 1162 noster
744 1098 829 1162 filius
854 1101 983 1163 Thome
1000 1101 1163 1183 quandam
1181 1102 1308 1162 vineam
1326 1101 1464 1163 condam
1490 1102 1574 1162 Petri
1591 1099 1648 1163 filii

392 1207 476 1270 lwan
492 1207 569 1269 dicti
587 1207 748 1290 Jurkoych
772 1206 850 1268 olim
869 1206 1051 1289 jobagionis
1074 1209 1174 1270 nostri
1192 1209 1231 1270 de
1250 1207 1410 1286 Gramen,
1435 1209 1466 1270 in
1491 1209 1652 1270 territorio

392 1313 558 1377 nostruin
584 1327 692 1375 monte
718 1313 967 1397 Thoplyczycza
994 1316 1075 1376 inter
1098 1315 1208 1377 vineas
1224 1315 1353 1377 Thome
1379 1314 1603 1398 Dulschakych
1623 1329 1655 1377 et

392 1418 484 1481 Pauli
508 1419 584 1481 dicti
610 1419 723 1481 Paulin
750 1433 780 1480 et
804 1440 935 1482 suorum
960 1441 1191 1502 successorum,
1216 1423 1255 1482 ab
1281 1442 1344 1483 una
1369 1435 1467 1504 parte,
1492 1422 1531 1482 ab
1557 1421 1656 1483 altera

391 1539 498 1588 autem
523 1540 612 1609 parte
636 1526 812 1588 liberorum
838 1547 895 1589 seu
920 1547 1140 1589 successorum
1165 1527 1302 1589 condam
1328 1528 1411 1589 Petri
1437 1525 1495 1588 filii
1523 1527 1657 1588 Fabiani

392 1633 539 1695 dedicta
565 1633 731 1695 Gracchan
757 1633 899 1697 habitam
935 1649 964 1695 et
997 1636 1237 1713 existentem‚a
1270 1634 1410 1716 quadam
1438 1647 1519 1695 terra
1545 1633 1657 1695 arabili

390 1761 486 1824 supra
510 1760 612 1822 usque
636 1760 790 1802 cacumen
815 1742 933 1802 montis
958 1741 997 1802 ad
1022 1743 1171 1803 arborem
1195 1742 1304 1822 querci
1328 1741 1426 1821 vulgo
1451 1739 1563 1801 hrazth
1588 1740 1656 1801 dic·

390 1862 456 1910 tam
480 1869 514 1910 se
539 1848 775 1927 extendentem,
799 1868 858 1930 pro
875 1849 985 1910 debito
1012 1847 1162 1910 undecim
1179 1847 1248 1910 flor.
1270 1847 1350 1926 auri,
1368 1867 1434 1928 quo
1459 1847 1526 1930 ipse
1545 1847 1657 1907 Petrus

392 1954 497 2016 eidem
523 1955 662 2016 Martino
694 1954 792 2036 judici
825 1954 983 2016 debitorie
1014 1954 1228 2036 obligabatur,
1260 1955 1335 2015 viris
1368 1953 1511 2036 providis
1544 1966 1575 2014 et
1599 1953 1656 2014 bo·

391 2061 489 2122 neatis
513 2060 642 2123 Andree
667 2059 733 2123 filio
759 2061 908 2144 Dyonisii
932 2075 963 2123 et
986 2061 1115 2122 Thome
1139 2059 1206 2122 filio
1231 2061 1331 2143 ipsius
1355 2060 1484 2122 Andree
1513 2079 1598 2122 nunc
1623 2060 1655 2121 in

390 2167 467 2229 villa
493 2165 664 2230 Gradchan
690 2168 967 2230 commorantibus
990 2187 1049 2252 pro
1072 2187 1188 2229 novem
1213 2167 1282 2230 flor.
1308 2168 1377 2230 auri
1401 2167 1609 2230 vendidisset.
