3854 5798
414 605 476 666 242
944 587 1031 644 Anno
1054 580 1148 662 1464.

415 813 554 860 nostram
588 798 749 860 veniendo
782 797 979 879 presenciam
1012 794 1176 858 confessus
1208 809 1255 857 est
1283 796 1315 857 in
1348 795 1432 858 hunc
1465 798 1617 860 modum:
1644 813 1679 859 ut

412 905 480 987 ipse
504 904 660 986 quasdam
694 904 773 964 duas
806 903 916 966 vineas
951 923 1024 964 suas
1058 903 1090 964 in
1122 903 1283 964 territorio
1315 917 1426 966 nostro
1458 924 1515 966 seu
1539 904 1676 966 civitatis

413 1011 499 1092 juxta
524 1023 668 1072 montem
694 1008 786 1070 llicza
805 1024 954 1071 vocatum
978 1029 1046 1071 sese
1063 1009 1214 1090 contigue
1232 1008 1396 1089 babentes,
1421 1030 1506 1072 nunc
1529 1011 1678 1072 inunum

411 1116 540 1178 vineam
563 1116 717 1194 redactas,
742 1116 824 1176 inter
847 1115 977 1178 vineam
1002 1135 1058 1177 seu
1082 1115 1242 1177 vinealem
1262 1115 1451 1198 porcionem
1477 1116 1599 1178 Malecz
1624 1137 1675 1178 su-

411 1223 490 1286 toris
513 1224 703 1286 successoris
729 1222 849 1285 Matbie
873 1223 991 1284 sutoris
1014 1222 1093 1284 olim
1122 1223 1264 1284 concivis
1288 1224 1399 1302 nostri,
1425 1244 1442 1285 a
1467 1238 1556 1306 parte
1580 1223 1675 1285 meri·

413 1329 548 1409 dionali,
573 1350 609 1391 ac
634 1331 673 1392 ab
697 1329 891 1391 occidentali
917 1343 948 1392 et
972 1329 1102 1392 australi
1121 1349 1177 1390 seu
1201 1330 1457 1411 septemtrionali
1482 1330 1634 1412 partibus,
1658 1351 1676 1392 a

412 1455 508 1518 super
532 1456 549 1498 a
573 1433 692 1498 fossato
717 1434 798 1497 inira
822 1455 924 1517 usque
949 1436 1035 1497 viam
1059 1455 1266 1497 communem
1295 1435 1419 1498 habitas
1441 1450 1473 1498 et
1496 1436 1675 1514 existentes,

412 1561 485 1604 cum
511 1561 621 1604 secura
645 1543 696 1603 via
723 1555 753 1604 et
777 1543 889 1603 semita
914 1562 971 1624 per
994 1542 1190 1604 territorium
1208 1540 1329 1625 prefate
1353 1543 1517 1625 porcionis
1540 1543 1674 1604 vinealis

413 1647 513 1729 ipsius
537 1648 660 1710 Malecz
684 1648 801 1708 sutoris
824 1647 865 1708 ad
894 1648 1024 1710 easdem
1056 1649 1204 1728 ducente,
1228 1663 1260 1711 et
1292 1648 1362 1710 aliis
1388 1649 1511 1710 cunctis
1535 1649 1674 1731 ipsarum

411 1754 578 1816 vinearum
604 1752 796 1815 utilitatibus
820 1767 851 1816 et
875 1753 1080 1836 pertinenciis
1116 1755 1273 1816 universis
1305 1756 1374 1817 viro
1406 1755 1543 1837 provido
1569 1756 1674 1817 Blasio

412 1859 554 1923 carnifici
586 1860 711 1922 concivi
744 1873 854 1923 nostro
886 1859 953 1922 filio
993 1861 1131 1923 condam
1164 1861 1320 1924 lobannis
1352 1863 1503 1924 similiter
1535 1863 1675 1925 concivis

413 1968 512 2029 nostri
537 1987 573 2029 ac
597 1987 752 2051 pereum
777 1967 876 2050 ipsius
905 1966 1078 2029 heredibus
1111 1987 1169 2050 pro
1194 1968 1389 2048 quibusdam
1422 1969 1548 2031 duabus
1572 1969 1674 2030 vineis

412 2075 513 2157 ipsius
538 2074 634 2136 Blasii
659 2094 695 2136 ac
719 2094 777 2157 pro
801 2073 1023 2137 additamento
1047 2075 1158 2136 decern
1177 2074 1246 2137 flor.
1270 2076 1337 2137 auri
1363 2096 1420 2159 per
1444 2076 1583 2137 eundern
1603 2077 1673 2138 Bla-

413 2179 495 2241 sium
521 2178 644 2262 prefato
669 2180 789 2242 Mathie
818 2180 1015 2262 Tergowecz
1047 2181 1218 2264 persolutis
1242 2201 1299 2264 per
1330 2182 1466 2244 modum
1490 2183 1671 2244 concambii

410 2299 442 2348 et
465 2285 716 2368 permutationis
739 2287 880 2348 dedisset
903 2300 935 2348 et
958 2287 1154 2350 contulisset.

517 2393 615 2468 Quod
632 2393 708 2475 quia
725 2393 878 2475 providus
902 2407 933 2455 et
950 2393 1102 2455 honestus
1121 2393 1296 2475 Gregorius
1320 2395 1463 2458 literatus
1486 2394 1571 2458 lilius
1596 2415 1671 2458 con·

410 2499 484 2560 dam
510 2499 581 2561 Elie
605 2499 735 2561 sartoris
758 2499 837 2560 olim
863 2500 1004 2562 concivis
1028 2500 1142 2574 nostri,
1161 2501 1324 2582 quandam
1350 2502 1477 2563 vineam
1502 2521 1591 2563 suam
1617 2502 1671 2563 de·

409 2619 525 2667 sertam
557 2605 618 2686 jam
653 2606 685 2666 in
717 2605 832 2667 silvam
863 2605 1004 2667 totaliter
1036 2606 1218 2686 redactam,
1249 2605 1346 2668 simul
1378 2626 1451 2668 cum
1475 2607 1617 2688 virgulto
1642 2622 1673 2670 et

410 2725 492 2773 terra
516 2713 574 2773 sub
601 2711 713 2774 eadem
739 2712 832 2773 vinea
866 2711 989 2774 deserta
1023 2713 1189 2792 existente,
1222 2714 1253 2774 in
1277 2713 1440 2776 territorio
1472 2729 1581 2775 nostro
1614 2733 1670 2776 seu

411 2817 577 2879 montibus
601 2819 718 2880 nostris
745 2819 827 2879 inter
843 2818 939 2879 silvas
960 2819 999 2879 ab
1017 2834 1153 2901 utraque
1177 2833 1266 2902 parte
1285 2818 1381 2882 Blasii
1398 2818 1556 2882 carnificis
1575 2820 1671 2882 Chw-

410 2923 584 3007 dawchych
610 2925 751 2987 concivis
776 2926 875 2988 nostri
892 2925 1033 2987 habitam
1054 2940 1085 2987 et
1101 2927 1300 3004 existentem,
1318 2925 1455 3008 desuper
1475 2947 1492 2988 a
1517 2927 1567 2988 via
1584 2946 1671 2989 com-

409 3030 499 3091 muni
526 3045 557 3092 et
580 3029 661 3092 infra
686 3052 787 3113 usque
812 3033 952 3094 rivulum
977 3053 1034 3094 seu
1067 3031 1201 3095 fluvium
1228 3033 1437 3094 Kuhinschak
1460 3048 1612 3095 vocatum
1637 3054 1670 3095 se

409 3137 645 3216 extendentem,
671 3138 775 3220 ipsum
801 3137 996 3219 Gregorium
1020 3139 1182 3200 literatum
1204 3153 1277 3220 post
1300 3140 1425 3202 obitum
1451 3139 1542 3200 Pauli
1567 3137 1671 3201 fratris

408 3245 457 3306 sui
481 3245 617 3306 carnalis
641 3245 727 3326 juxta
752 3245 850 3326 ipsius
882 3245 1018 3306 civitatis
1050 3245 1246 3307 laudabilem
1279 3244 1461 3308 libertatem
1486 3246 1545 3307 rite
1571 3260 1602 3307 et
1625 3246 1670 3308 le·

408 3353 533 3434 gittime
558 3366 814 3429 concernentem,
839 3349 963 3432 prefato
996 3351 1103 3413 Blasio
1135 3350 1273 3414 carnifici
1300 3351 1559 3437 Chwdavvchych
1583 3351 1669 3413 dicto

410 3479 446 3521 ac
469 3479 526 3542 per
549 3477 623 3520 eum
648 3458 713 3518 suis
737 3457 908 3519 heredibus
931 3478 990 3540 pro
1015 3458 1159 3540 quinque
1184 3458 1252 3520 flor.
1277 3459 1345 3520 auri
1370 3458 1575 3521 vendidisset.

521 3563 618 3638 Quod
645 3565 720 3644 quia
744 3564 898 3626 Nicolaus
922 3564 1063 3646 phisicus
1086 3563 1170 3626 lilius
1193 3585 1244 3626 ser
1274 3565 1429 3627 Matheoli
1453 3565 1493 3626 de
1519 3565 1670 3646 Fulginio

412 3671 552 3733 concivis
577 3683 694 3748 noster,
731 3671 894 3751 quandam
925 3670 1053 3732 vineam
1086 3691 1177 3732 suam
1209 3671 1392 3734 censualem
1426 3671 1524 3752 vulgo
1550 3671 1669 3752 Magw·

409 3777 614 3839 thenowscak
638 3775 755 3837 dictam
781 3777 813 3838 in
845 3776 1005 3840 territorio
1038 3791 1148 3838 nostro
1177 3797 1234 3838 seu
1267 3777 1403 3840 civitatis
1434 3776 1554 3859 prefate
1588 3779 1670 3839 inter

409 3885 537 3945 vineam
563 3882 683 3945 Mathie
709 3881 788 3945 fabri
814 3882 1014 3945 Corinthiam
1032 3884 1111 3945 alias
1134 3884 1194 3944 viri
1211 3884 1349 3945 condam
1366 3883 1500 3966 provide
1525 3883 1670 3946 mulieris

409 3991 509 4053 Elena
527 4003 639 4051 vocate
656 3989 747 4050 aliter
766 3990 912 4072 Marycza
930 3991 1013 4052 dicte
1031 3989 1236 4072 Joffanoycza
1253 3989 1423 4072 appellate,
1437 4010 1454 4050 a
1467 3989 1668 4071 septemtrio-

408 4097 473 4157 nali
498 4110 596 4177 parte,
625 4108 655 4156 et
679 4096 760 4156 inter
784 4096 911 4157 vineam
944 4097 1119 4158 liberorum
1144 4116 1200 4157 seu
1224 4115 1443 4158 successorum
1469 4096 1667 4180 Dwymoycz

408 4201 482 4263 dicti
507 4201 650 4262 concivis
673 4201 785 4280 nostri,
809 4203 971 4264 mediante
996 4203 1138 4284 quodam
1168 4201 1287 4264 fossato
1311 4202 1547 4285 possessoribus
1570 4203 1669 4284 ipsius

407 4309 500 4369 vinee
528 4308 686 4369 dictorum
711 4307 888 4370 liberorum
921 4329 977 4370 seu
1008 4328 1228 4370 successorum
1259 4309 1393 4391 predicti
1418 4309 1508 4370 Pauli
1540 4310 1669 4371 sartoris

406 4416 527 4495 absque
552 4415 695 4496 dampno
719 4416 957 4496 possessoribus
981 4413 1102 4497 prefate
1119 4417 1212 4476 vinee
1231 4414 1489 4496 Magwthenscalr
1514 4435 1572 4497 pro
1589 4429 1668 4476 tem·

407 4541 484 4604 pore
516 4521 694 4582 constitutis
726 4521 934 4601 deserviente,
967 4525 1006 4583 ab
1032 4523 1130 4584 altera
1155 4522 1306 4584 videlicet
1337 4521 1540 4583 meridionali
1578 4535 1667 4603 parte

407 4627 549 4690 habitam
574 4641 605 4688 et
631 4628 830 4706 existentem,
848 4629 986 4710 desuper
1011 4629 1097 4690 avia
1114 4629 1279 4690 communi
1304 4629 1343 4689 ab
1368 4627 1535 4689 occidente
1560 4626 1667 4688 habita

407 4749 437 4797 et
462 4734 543 4796 infra
568 4754 670 4816 usque
695 4750 835 4796 meatum
862 4755 944 4816 aque
969 4735 1120 4817 pluvialis
1144 4755 1160 4796 a
1185 4749 1274 4817 parte
1299 4733 1431 4796 orientis
1454 4733 1611 4812 habitum,
1634 4753 1667 4794 se

405 4841 501 4902 simul
526 4861 598 4902 cum
624 4855 706 4902 terra
732 4855 762 4904 et
786 4841 926 4922 virgulto
952 4841 1057 4902 eidem
1081 4842 1173 4902 vinee
1206 4840 1394 4922 subjacenti,
1418 4859 1489 4900 cum
1515 4839 1667 4901 omnibus

406 4948 550 5011 eiusdem
576 4949 669 5010 vinee
695 4949 886 5010 utilitatibus
918 4961 948 5010 et
981 4949 1186 5029 pertinenciis
1219 4947 1375 5009 universis
1399 4946 1528 5008 Thome
1552 4946 1665 5008 sartori

407 5055 473 5120 lilio
500 5056 652 5142 Stephani
678 5056 717 5116 de
743 5055 861 5118 Bakwa
885 5055 1010 5118 concivi
1044 5069 1153 5117 nostro
1178 5068 1208 5116 et
1241 5055 1397 5117 moderno
1421 5052 1525 5135 jurato
1549 5072 1666 5138 seper
