3854 5798
417 550 478 616 ²7²
948 528 1148 610 Auno1469.

416 747 556 830 quedam
580 747 643 808 alia
667 759 749 806 terra
774 743 904 806 arabilis
928 742 1145 826 larchenycha
1174 743 1257 804 dicta
1282 763 1318 804 ac
1343 742 1439 805 lenile
1464 743 1570 806 eidem
1595 757 1680 806 terre

415 853 583 934 subjacens
598 853 630 914 iu
655 851 819 913 territorio
845 850 930 912 dicte
947 850 1082 911 civitatis
1105 851 1187 912 inter
1203 864 1321 911 terram
1338 850 1512 912 liberorum
1531 850 1679 912 eiusdem

417 959 598 1023 Sebastiani
625 958 776 1020 Soldinar
800 970 832 1019 et
855 957 937 1018 inter
961 955 1059 1018 fenile
1091 955 1268 1018 liberorum
1301 957 1439 1018 condam
1471 955 1551 1018 Pero
1582 957 1677 1039 jurati

416 1065 474 1128 lilii
499 1066 583 1128 Petri
609 1064 732 1148 Saphar
756 1077 787 1126 et
810 1064 948 1126 aliorum
973 1063 1164 1142 vicinorum,
1189 1083 1242 1124 ser
1267 1063 1368 1124 dietas
1391 1075 1472 1124 terre
1497 1063 1529 1124 in
1553 1083 1586 1124 se
1604 1082 1682 1124 cou-

417 1173 523 1235 tinens
547 1185 619 1250 etc,
643 1184 738 1252 prout
762 1170 823 1232 hoc
848 1171 1031 1232 continetur
1048 1169 1080 1230 in
1098 1169 1239 1250 antiquis
1255 1169 1366 1248 literis,
1382 1166 1506 1251 prefato
1532 1169 1683 1232 Michaeli

417 1279 522 1362 jurato
546 1291 708 1340 cesserunt
726 1278 758 1338 in
777 1277 970 1339 divisionem
989 1277 1021 1339 in
1037 1275 1121 1338 filios
1137 1275 1278 1338 filiorum
1302 1290 1334 1339 et
1349 1275 1483 1338 heredes
1507 1276 1685 1353 universos,

417 1388 468 1448 cui
492 1405 588 1468 super
611 1383 774 1467 premissis
798 1383 947 1445 dedimus
970 1383 1079 1444 literas
1103 1397 1228 1444 nostras
1250 1382 1467 1464 privilegiales
1490 1383 1684 1460 statutorias,

417 1492 491 1554 ideo
515 1492 582 1574 ipse
611 1489 750 1552 Michael
774 1489 896 1571 juratus
920 1491 1029 1567 (deest).

524 1597 600 1659 ltem
626 1597 703 1678 quia
727 1593 868 1678 prelatus
893 1594 1031 1658 Michael
1054 1594 1176 1676 juratus
1204 1596 1366 1677 predictus
1389 1595 1474 1658 filius
1498 1597 1598 1679 ipsius
1621 1595 1684 1658 Va-

418 1703 531 1766 lentini
556 1702 682 1784 judicis,
716 1701 856 1764 eundem
880 1701 1089 1764 Valentinum
1124 1701 1263 1780 judicem
1288 1715 1319 1764 et
1350 1703 1430 1764 alios
1460 1721 1556 1783 supra
1579 1702 1684 1763 nomi·

418 1826 510 1873 natos
534 1811 566 1872 in
591 1809 712 1872 eisdem
738 1809 840 1873 literis
864 1809 980 1872 nostris
1004 1809 1152 1892 superius
1179 1808 1388 1892 specificatos,
1412 1810 1524 1892 vigore
1547 1810 1683 1871 aliarum

418 1919 583 1981 literarum
609 1931 789 1980 nostrarum
813 1916 986 1999 superinde
1010 1915 1239 1996 confectarum,
1257 1918 1386 1980 eosdem
1411 1917 1619 1980 Valentinum
1636 1916 1684 1999 ju-

420 2025 525 2087 dicem
550 2038 581 2087 et
604 2025 685 2086 alios
709 2023 869 2106 predictos
894 2024 1031 2105 quietos,
1054 2021 1203 2106 pacificos
1227 2038 1257 2085 et
1281 2024 1447 2106 expeditos
1471 2025 1503 2086 in
1528 2023 1684 2087 heredum

423 2132 557 2194 heredes
581 2131 773 2194 reddidisset
801 2145 831 2192 et
863 2131 1085 2208 commisisset,
1116 2130 1266 2192 videlicet
1298 2151 1394 2212 super
1425 2132 1520 2213 plena
1545 2144 1577 2192 et
1600 2145 1684 2192 recta

422 2239 645 2300 extraducione
670 2238 860 2319 porcionum
893 2237 1216 2319 possessionariarum
1248 2238 1394 2318 superius
1419 2235 1682 2320 specificatarum.

526 2344 624 2418 Quod
647 2343 722 2426 quia
741 2345 989 2426 circumspectus
1005 2343 1053 2404 vir
1076 2344 1238 2405 lohannes
1255 2345 1431 2427 Perowych
1455 2346 1564 2406 senior
1587 2344 1682 2426 judex

420 2466 451 2514 et
486 2451 627 2512 concivis
659 2463 767 2511 noster
797 2449 931 2511 donavit
962 2464 993 2512 et
1024 2451 1207 2532 propinavit
1238 2451 1393 2532 quasdam
1427 2451 1561 2512 domum
1593 2470 1683 2512 suam

420 2569 578 2618 muratam
604 2569 634 2617 et
658 2555 798 2636 ligneam
823 2555 918 2616 simul
943 2576 1016 2617 cum
1042 2555 1150 2617 lundis
1175 2571 1205 2618 et
1221 2557 1418 2618 stacionibus
1441 2557 1589 2619 similiter
1614 2577 1683 2619 mu-

421 2664 506 2740 ratis,
530 2683 567 2722 ac
599 2663 734 2723 cisterna
759 2675 842 2724 retro
873 2662 1049 2724 stacionem
1082 2663 1204 2725 simiter
1235 2679 1392 2725 muratam
1429 2664 1566 2726 condam
1592 2664 1683 2725 Jaco-

422 2768 510 2830 melli
535 2769 566 2829 in
593 2768 677 2830 dicta
702 2767 828 2830 civitate
846 2767 969 2830 habitas
994 2783 1024 2831 et
1045 2771 1126 2832 inter
1145 2770 1277 2832 domum
1303 2789 1521 2832 successorum
1546 2769 1684 2832 condam

420 2875 578 2938 Anthonii
603 2875 680 2936 Rott
704 2874 782 2936 olim
808 2873 923 2956 judicis
948 2889 979 2937 et
1012 2875 1144 2938 domine
1169 2875 1342 2938 Katherine
1367 2896 1424 2938 sue
1448 2877 1605 2939 consortis
1629 2877 1684 2938 ha·

421 2983 530 3060 hiram,
555 2994 586 3042 et
610 2981 691 3042 inter
715 2979 870 3064 prefatam
894 2982 1071 3044 stacionem
1095 2983 1195 3064 ipsius
1218 2983 1356 3044 condam
1382 2984 1562 3066 laromelli,
1585 3003 1686 3066 quam

420 3089 594 3150 stacionem
629 3087 695 3170 ipse
728 3087 889 3149 lohannes
922 3088 1096 3172 Perowych
1130 3089 1170 3150 ad
1198 3109 1284 3152 aram
1317 3110 1373 3151 seu
1404 3091 1560 3172 capellam
1585 3091 1685 3152 sancti

420 3194 546 3257 Nicolai
572 3194 603 3255 in
629 3193 762 3254 ecclesia
787 3209 894 3256 nostra
912 3197 1013 3256 sancti
1032 3196 1130 3258 Marci
1153 3197 1358 3277 ewangeliste
1382 3197 1532 3277 dedisset,
1557 3211 1588 3260 et
1604 3199 1687 3260 inter

420 3300 553 3362 domum
580 3313 737 3361 muratam
762 3299 888 3361 Nicolai
913 3303 1052 3379 sartoris,
1069 3303 1109 3363 ab
1133 3304 1255 3366 oriente
1281 3303 1414 3383 habitas,
1439 3318 1470 3366 et
1494 3305 1576 3367 inter
1600 3305 1685 3366 viam

422 3425 627 3468 communem
654 3425 672 3466 a
697 3406 876 3468 meridione
902 3421 933 3469 et
962 3408 1043 3469 inter
1069 3407 1206 3470 fundum
1231 3429 1450 3472 successorum
1475 3425 1506 3472 et
1530 3411 1685 3472 heredum

421 3512 559 3574 condam
586 3512 710 3573 Nicolai
728 3511 892 3591 aurifabri,
910 3533 925 3573 a
944 3516 1186 3596 septemtrione,
1203 3516 1348 3597 quinque
1366 3531 1400 3578 ut
1424 3517 1541 3579 dicitur
1557 3533 1686 3600 quartas

423 3618 509 3679 curie
533 3616 573 3678 ad
598 3637 691 3679 usum
717 3618 801 3680 dicte
826 3619 972 3699 civitatis,
1007 3621 1103 3682 simul
1136 3642 1207 3684 cum
1233 3623 1385 3684 omnibus
1416 3625 1603 3686 earumdem
1628 3626 1684 3687 do·

424 3744 549 3786 morum
585 3738 616 3785 et
646 3725 825 3786 stationum
859 3726 1049 3788 utilitatibus
1082 3727 1254 3790 Dominico
1286 3727 1353 3790 filio
1385 3749 1445 3792 suo
1472 3749 1508 3792 ac
1531 3750 1588 3813 per
1612 3751 1686 3793 eum

422 3830 522 3911 ipsius
546 3830 718 3892 heredibus
735 3830 874 3893 dedisset
898 3845 929 3893 et
946 3833 1147 3914 propinasset
1169 3847 1227 3896 etc.
1245 3833 1313 3916 jure
1331 3850 1486 3917 perpetuo
1505 3851 1575 3916 etc,
1592 3837 1687 3898 salvis

424 3937 500 4018 ipsis
523 3935 649 3997 duabus
672 3937 878 4015 stacionibus,
903 3957 982 4019 quas
1006 3938 1072 4020 ipse
1090 3939 1252 4002 lohannes
1276 3941 1450 4024 Perowych
1474 3943 1537 4004 vita
1555 3943 1615 4005 sibi
1633 3963 1685 4005 co·

422 4042 500 4103 mite
523 4042 584 4102 sibi
608 4041 750 4104 duxisset
781 4044 1001 4124 reservandas,
1035 4059 1107 4128 post
1138 4061 1274 4108 mortem
1306 4067 1383 4108 vero
1408 4049 1508 4130 ipsius
1532 4049 1687 4112 lobannis

422 4147 538 4209 iterum
565 4147 678 4210 eedem
704 4147 767 4210 due
799 4151 958 4212 staciones
989 4151 1020 4212 in
1054 4151 1157 4234 ipsum
1192 4153 1399 4215 Dominicum
1433 4155 1604 4218 redundari
1632 4157 1686 4218 de-

426 4253 502 4315 bent
526 4267 556 4315 et
580 4254 805 4318 condescendi.

528 4359 605 4420 ltem
632 4362 707 4442 quia
731 4360 908 4444 Gregorius
932 4364 1080 4448 Brudych
1098 4365 1202 4427 dictus
1226 4367 1367 4428 concivis
1390 4381 1499 4430 noster
1522 4367 1684 4449 quendam

422 4465 573 4548 (h)ortum
598 4486 692 4528 suum
726 4469 757 4528 in
791 4469 952 4531 territorio
985 4491 1042 4532 seu
1073 4473 1230 4534 suburbio
1263 4473 1347 4535 dicte
1378 4475 1515 4536 civitatis
1545 4494 1581 4537 ac
1606 4476 1687 4537 inter

423 4571 559 4654 (h)ortos
583 4573 725 4634 virorum
751 4575 962 4655 providorum
988 4577 1108 4639 Mathie
1133 4579 1295 4662 arcuparis
1323 4594 1355 4642 et
1379 4581 1533 4642 Demetrii
1558 4583 1685 4662 sutoris,

423 4678 605 4740 concivium
631 4695 825 4761 nostrorum,
850 4681 995 4745 habitum
1021 4698 1052 4746 et
1076 4686 1274 4766 existentem,
1304 4689 1395 4750 cuius
1419 4687 1529 4773 (h)orti
1554 4691 1685 4752 terciam

422 4799 543 4866 partem
570 4784 711 4868 prelatus
730 4788 865 4849 Mathias
882 4810 1016 4873 arcupar
1028 4791 1202 4854 literatorie
1220 4794 1396 4856 dinoscitur
1419 4796 1596 4878 possidere,
1614 4815 1684 4858 cum

423 4891 575 4953 omnibus
600 4891 743 4955 eiusdem
769 4894 876 4976 (h)orti
902 4897 1104 4978 utilitatibus,
1137 4899 1270 4980 juribus,
1303 4901 1413 4964 usibus
1437 4915 1495 4966 etc.
1520 4904 1687 4965 Anthonio

422 4999 521 5059 sutori
547 4999 643 5078 Segin
669 5000 755 5062 dicto
779 5002 818 5063 de
844 5023 1003 5066 consensu
1022 5006 1200 5068 vicinorum
1218 5007 1438 5089 predictorum
1462 5029 1521 5092 pro
1546 5010 1685 5072 sedecim
