3816 5802
386 542 446 584 tro
915 521 1002 580 Anno
1031 534 1115 598 1449

381 749 481 796 metas
509 733 605 795 simul
629 751 703 794 cum
727 746 808 794 terra
840 731 953 794 arabili
978 729 1083 792 eidem
1107 731 1200 791 vinee
1224 730 1441 792 condicionali
1468 729 1645 811 subjacenti

380 860 413 903 se
438 839 675 916 extendentem,
700 857 771 900 cum
796 838 861 900 suis
885 836 1077 900 utilitatibus
1108 849 1140 897 et
1163 836 1368 918 pertinenciis
1398 836 1645 898 universishn·

381 948 457 1009 dree
480 946 621 1029 agricole
656 943 723 1006 filio
749 943 881 1027 Georgii
914 945 953 1006 de
979 944 1113 1005 lzdencz
1145 963 1203 1026 pro
1227 943 1414 1024 quindecim
1439 963 1512 1005 cum
1538 943 1647 1004 medio

381 1054 450 1117 flor.
475 1054 544 1116 auri
568 1052 715 1116 vendidit
739 1071 776 1112 ex
801 1071 958 1114 consensu
981 1051 1159 1112 vicinorum
1184 1063 1341 1134 perpetuo
1365 1050 1593 1132 possidendam
1617 1064 1649 1112 et

381 1161 552 1244 superinde
577 1173 625 1222 est
657 1159 747 1220 litera
772 1158 876 1220 eidem
903 1157 1031 1218 Andree
1056 1157 1115 1218 sub
1140 1155 1293 1239 pendenti
1324 1155 1431 1237 sigillo
1464 1156 1646 1218 communi·

381 1268 454 1329 tatis
478 1279 624 1328 emanata
650 1265 704 1344 ita,
741 1263 829 1347 quod
854 1263 894 1326 de
919 1264 986 1346 ipsa
1010 1263 1104 1324 vinea
1128 1263 1168 1324 ad
1194 1263 1457 1325 communitatem
1483 1262 1554 1325 flor.
1577 1262 1646 1324 auri

383 1393 483 1436 unum
508 1373 691 1456 persolvere
715 1371 886 1435 tenebitur.

489 1479 566 1541 ltem
591 1477 675 1540 idem
711 1478 918 1541 Sebastianus
951 1478 1087 1560 Lyubak
1116 1477 1146 1538 in
1179 1494 1315 1558 persona
1347 1476 1490 1558 predicte
1515 1476 1646 1538 domine

387 1585 565 1668 Elyzabeth
590 1584 747 1646 consortis
778 1603 834 1646 sue
867 1582 1030 1666 quandam
1063 1583 1189 1644 vineam
1215 1601 1305 1644 suam
1337 1596 1368 1643 et
1391 1583 1491 1665 ipsius
1514 1582 1646 1644 domine

385 1689 563 1776 Elyzabeth
586 1711 641 1752 sue
667 1690 836 1770 consortis,
866 1691 896 1752 in
928 1689 1090 1752 territorio
1123 1703 1232 1750 nostro
1257 1707 1314 1750 seu
1346 1688 1482 1750 civitatis
1506 1687 1650 1773 predicte

383 1799 465 1860 inter
492 1799 601 1860 vineas
625 1798 772 1860 similiter
796 1796 1037 1860 condicionales
1068 1796 1245 1858 liberorum
1277 1794 1417 1857 condam
1450 1794 1547 1856 Blasii
1572 1793 1649 1855 dicti

384 1903 613 1988 Seberlenycb,
638 1905 678 1966 ab
702 1903 850 1968 orientali
869 1915 969 1986 parte,
994 1917 1025 1964 et
1053 1902 1183 1964 Andree
1200 1901 1257 1963 filii
1283 1900 1416 1984 Georgii
1441 1901 1481 1964 de
1504 1900 1650 1978 lzdencz,

384 2013 423 2074 ab
448 2011 642 2074 occidentali
667 2025 756 2092 parte
781 2010 923 2072 habitam
941 2023 972 2072 et
995 2009 1195 2087 existentem,
1212 2008 1381 2092 desupera
1407 2008 1458 2070 via
1483 2007 1650 2070 communi

384 2132 415 2180 et
433 2116 514 2179 inira
531 2138 633 2200 usque
650 2117 747 2179 aliam
766 2117 851 2178 viam
869 2135 1088 2194 communem,
1105 2116 1200 2177 simul
1218 2135 1291 2177 cum
1315 2129 1398 2178 terra
1416 2115 1528 2177 arabili
1543 2115 1649 2177 eidem

385 2225 477 2288 vinee
501 2225 678 2307 subjacenti
703 2243 735 2286 se
761 2223 998 2302 extendentem,
1016 2242 1089 2284 cum
1106 2223 1171 2284 suis
1188 2223 1381 2286 utilitatibus
1397 2236 1429 2284 et
1444 2223 1651 2305 pertinenciis

385 2331 542 2393 universis
566 2345 597 2392 et
621 2350 694 2392 cum
727 2330 919 2392 condicione
951 2329 1021 2393 flor.
1055 2330 1150 2391 unius
1174 2330 1213 2390 ad
1246 2330 1511 2392 communitatem
1536 2349 1650 2412 prove·

337 2477 342 2487 ·
385 2437 506 2517 niendi,
532 2437 697 2500 Demetrio
721 2437 861 2518 agricole
887 2435 954 2498 filio
977 2437 1075 2497 Marci
1100 2455 1158 2516 pro
1176 2435 1362 2517 quindecim
1388 2435 1458 2498 flor.
1482 2436 1551 2497 auri
1574 2455 1652 2496 ven-

384 2543 466 2604 didit
497 2557 653 2626 perpetuo
686 2542 915 2625 possidendam
951 2555 983 2604 et
1013 2541 1186 2624 superinde
1211 2556 1258 2604 est
1290 2542 1380 2603 litera
1413 2543 1472 2602 sub
1497 2541 1651 2624 pendenti

383 2649 491 2730 sigillo
518 2649 760 2711 communitatis
784 2663 942 2712 emanata.

493 2754 570 2818 ltem
596 2754 758 2837 Georgius
781 2768 883 2817 sartor
916 2755 1021 2817 dictus
1045 2755 1135 2816 Jurse
1168 2753 1254 2816 filius
1279 2754 1408 2837 Matbye
1433 2767 1465 2817 et
1488 2753 1653 2816 lohannes

386 2861 475 2924 faber
513 2861 592 2923 alias
617 2861 706 2922 Hans
737 2881 848 2944 sporar
880 2861 984 2924 dictus
1013 2859 1098 2922 filius
1130 2859 1314 2940 Michaelis,
1346 2859 1508 2942 quandam
1532 2873 1651 2921 terram

385 2987 497 3032 eorum
521 2968 675 3030 arabilem
700 2967 732 3029 in
757 2968 918 3029 territorio
943 2981 1053 3030 nostro
1086 2967 1168 3029 inter
1192 2981 1308 3030 terram
1334 2966 1489 3028 arabilem
1517 2966 1651 3027 domine

385 3073 549 3151 Anthone,
574 3095 590 3136 a
615 3074 856 3155 septemtrione,
890 3088 921 3135 et
945 3075 1027 3136 inter
1059 3072 1157 3135 fenile
1189 3074 1365 3136 liberorum
1392 3072 1506 3136 Briccii
1536 3072 1652 3156 judicis

386 3180 443 3243 filii
469 3180 646 3259 benedicti,
670 3181 710 3242 ab
743 3179 877 3259 oriente,
909 3195 940 3242 et
964 3181 1045 3242 inter
1076 3179 1211 3242 fluvium
1244 3180 1483 3263 Kalynowycza
1517 3179 1652 3257 dictum,

386 3288 515 3369 partim,
540 3301 571 3347 et
594 3286 708 3368 partim
743 3286 825 3348 inter
857 3300 955 3348 terras
987 3300 1093 3348 nostre
1125 3287 1366 3349 communitatis
1397 3307 1413 3348 a
1446 3285 1651 3348 meridionali

387 3405 486 3474 parte,
511 3411 570 3453 nec
594 3411 659 3453 non
679 3391 761 3454 inter
777 3393 862 3454 viam
880 3411 1087 3454 communem
1113 3394 1153 3454 ab
1170 3391 1337 3454 occidente
1355 3392 1508 3471 habitam,
1533 3411 1651 3454 novem

386 3497 438 3559 vel
461 3498 538 3558 citra
563 3513 597 3558 ut
621 3497 738 3560 dicitur
762 3498 863 3560 dietas
887 3513 969 3560 terre
994 3499 1026 3559 in
1048 3518 1081 3560 se
1099 3499 1317 3561 continentem
1349 3499 1432 3560 inter
1452 3519 1486 3560 se
1509 3518 1567 3581 per
1583 3519 1651 3561 me·

387 3603 477 3664 dium
503 3603 692 3683 diviserunt,
716 3604 804 3686 quod
829 3625 892 3666 una
917 3603 1074 3667 medietas
1106 3605 1206 3686 ipsius
1228 3619 1311 3667 terre
1336 3604 1481 3688 predicto
1506 3603 1651 3686 Georgio

387 3709 500 3772 sartori
526 3723 556 3772 et
580 3709 643 3772 alia
675 3709 830 3772 medietas
863 3711 1008 3774 eiusdem
1040 3725 1123 3773 terre
1154 3724 1238 3773 recta
1271 3725 1302 3773 et
1334 3711 1458 3793 equalis
1489 3731 1563 3774 cum
1588 3712 1653 3774 suis

387 3816 579 3877 utilitatibus
603 3829 634 3878 et
657 3817 863 3899 pertinenciis
887 3819 1045 3880 universis
1062 3819 1206 3900 predicto
1229 3817 1369 3880 iohanni
1394 3817 1484 3880 fabro
1510 3819 1602 3880 cessit
1619 3819 1650 3880 in

387 3921 558 4002 porciones
581 3941 693 3984 eorum
711 3923 919 3986 divisionales
942 3924 1010 4006 jure
1035 3939 1190 4007 perpetuo
1209 3925 1402 4006 possidenda
1426 3939 1457 3986 et
1477 3925 1652 4007 superinde

388 4026 488 4108 ipsius
501 4028 659 4090 ambobus
672 4042 746 4090 sunt
760 4029 851 4092 litere
867 4033 926 4092 sub
949 4030 1101 4113 pendenti
1119 4031 1227 4110 sigillo
1241 4031 1482 4094 communitatis
1495 4045 1652 4109 emanare.

496 4131 574 4194 Item
600 4133 700 4196 Elena
717 4135 834 4198 mulier
858 4134 922 4198 filia
940 4136 1079 4198 condam
1102 4136 1232 4220 Mathye
1250 4136 1387 4220 Phylecz
1412 4157 1497 4199 nunc
1521 4158 1653 4200 consors

388 4237 545 4318 legittima
570 4239 725 4302 lobannis
750 4241 904 4304 institoris
927 4241 985 4304 filii
1011 4242 1144 4324 Georgii
1169 4243 1209 4304 de
1228 4243 1337 4322 llowa‚
1354 4243 1563 4306 medietatem
1587 4262 1651 4305 rec·

388 4356 454 4408 tam
479 4360 510 4406 et
534 4347 682 4427 equalem
715 4349 882 4411 cuiusdam
915 4350 1041 4428 domus,
1075 4349 1166 4411 fundi
1199 4363 1230 4413 et
1253 4350 1361 4412 celarii
1393 4351 1593 4414 subterranei
1617 4370 1654 4413 ac

390 4448 613 4514 hedificiorum
637 4453 670 4514 in
700 4455 826 4517 civitate
862 4457 1003 4538 predicta
1037 4457 1119 4518 inter
1151 4456 1277 4534 domos,
1309 4454 1427 4518 fundos
1451 4471 1482 4519 et
1506 4455 1655 4519 hedificia

391 4555 558 4618 Michaelis
581 4557 760 4642 freniparis,
784 4564 824 4623 ab
849 4582 911 4624 una
937 4577 968 4625 et
991 4577 1081 4646 parte
1102 4566 1142 4626 ab
1160 4565 1259 4626 altera
1283 4563 1462 4626 liberorum
1487 4565 1654 4628 Benedicti

391 4659 465 4722 Rufi
488 4661 595 4724 habite
620 4678 651 4725 et
675 4667 847 4746 existentis,
872 4688 970 4730 unam
988 4669 1140 4732 videlicet
1156 4683 1303 4752 quartam
1328 4671 1417 4733 curie
1444 4672 1476 4733 in
1501 4692 1534 4734 se
1552 4673 1654 4734 conti·

391 4779 531 4846 nentem,
556 4789 629 4830 cum
655 4773 720 4833 suis
744 4774 936 4836 utilitatibus
960 4790 991 4837 et
1012 4777 1219 4858 pertinenciis
1245 4777 1404 4839 universis
1428 4778 1574 4860 predicto
1599 4779 1653 4840 Jo-

392 4868 489 4932 hanni
514 4873 650 4937 institori
675 4878 744 4938 viro
776 4899 834 4940 suo
865 4881 1025 4962 legittimo
1060 4883 1193 4945 donavit
1224 4897 1381 4967 perpetuo
1406 4885 1654 4967 possidendam;

393 4989 424 5037 et
448 4977 544 5040 aliam
569 4982 774 5046 medietatem
805 4987 948 5050 eiusdem
982 4989 1109 5070 domus,
1142 4989 1233 5052 fundi
1258 5003 1289 5053 et
1320 4991 1430 5054 celatii
1455 4992 1653 5054 subterranei
