3832 5804
407 592 466 654 192

402 785 629 867 possidendam
662 801 692 846 et
722 785 894 868 superinde
926 787 985 846 sub
1014 786 1167 868 pendenti
1201 786 1307 868 sigillo
1331 787 1422 848 litera
1447 801 1551 848 nostre
1577 806 1663 848 com·

403 891 568 952 munitatis
592 905 639 953 est
662 893 723 953 sibi
748 905 907 954 emanata.

510 997 587 1058 ltem
613 997 794 1080 Stephanus
822 1013 911 1060 sutor
944 997 1029 1060 filius
1061 999 1199 1061 condam
1225 999 1379 1082 Stephani
1404 998 1565 1078 Pikohicz,
1590 1019 1666 1060 con-

404 1104 481 1166 civis
513 1117 629 1181 noster‚
662 1105 901 1165 commissarius
932 1118 963 1166 et
995 1119 1143 1167 executor
1178 1105 1282 1167 ultimi
1314 1106 1507 1186 testamenti,
1529 1106 1668 1167 verbalis

405 1211 569 1273 Benedicti
594 1209 650 1272 filii
677 1211 829 1292 Symonis
853 1210 929 1272 dicti
964 1211 1099 1290 Kwsilo,
1130 1211 1293 1294 quandam
1325 1213 1453 1273 vineam
1485 1231 1541 1273 seu
1573 1213 1668 1294 parti·

404 1318 509 1379 culam
534 1317 692 1378 vinealem
718 1317 799 1378 inter
818 1318 980 1398 quandam
1004 1337 1120 1380 novam
1139 1319 1318 1400 plantulam
1336 1319 1495 1380 vinealem
1520 1317 1669 1400 desuper,

404 1425 443 1485 ab
475 1422 622 1504 infraque
654 1439 772 1484 terram
804 1425 957 1485 arabilem
991 1425 1154 1486 Valentini
1188 1425 1303 1506 judicis
1334 1427 1433 1487 nostri
1468 1424 1616 1486 moderni
1639 1439 1670 1486 et

406 1532 487 1592 inter
511 1531 636 1591 vineam
664 1530 762 1592 Marci
788 1529 945 1592 carnificis
978 1529 1200 1594 Gwrakowicz
1230 1531 1306 1592 dicti
1340 1529 1463 1614 prelato
1495 1531 1668 1592 Valentino

405 1637 501 1718 judici
534 1651 643 1698 nostro
676 1637 832 1698 moderno
864 1657 900 1698 ac
931 1657 987 1719 per
1011 1657 1084 1700 eum
1119 1639 1185 1699 suis
1219 1637 1390 1700 heredibus
1421 1657 1478 1720 pro
1512 1658 1565 1698 sex
1590 1657 1662 1700 cum

405 1743 512 1805 medio
536 1743 605 1806 flor.
631 1743 698 1804 auri
716 1743 862 1804 vendidit
886 1757 1040 1827 perpetuo
1066 1744 1292 1826 possidendam
1314 1757 1345 1805 et
1366 1743 1537 1826 superinde
1572 1744 1664 1804 litera

406 1863 513 1910 nostre
546 1849 787 1911 communitatis
803 1851 862 1910 sub
879 1849 1031 1932 pendenti
1054 1850 1161 1931 sigillo
1186 1864 1232 1912 est
1255 1850 1315 1911 sibi
1341 1864 1498 1912 emanata.

511 1955 590 2018 ltem
616 1955 760 2016 Marinus
776 1953 861 2016 filius
885 1955 998 2016 Klario
1015 1956 1095 2016 alias
1112 1955 1207 2038 judex
1225 1970 1255 2016 et
1273 1956 1414 2017 concivis
1431 1971 1549 2034 noster,
1566 1975 1667 2038 quan·

405 2062 479 2123 dam
504 2061 638 2123 domum
662 2081 753 2122 suam
785 2076 941 2123 muratam
974 2063 1070 2124 simul
1103 2082 1175 2124 cum
1208 2060 1310 2123 lundo
1342 2076 1372 2123 et
1404 2060 1538 2124 edificiis
1562 2081 1663 2144 prope

405 2167 575 2249 portellam
607 2181 817 2250 campestrem
850 2169 985 2230 civitatis
1016 2167 1137 2251 prefate
1169 2169 1250 2230 inter
1290 2167 1423 2229 domum
1464 2181 1495 2229 et
1530 2165 1666 2228 fundum

406 2273 525 2336 Mathie
549 2275 678 2336 sartoris
702 2275 826 2356 pridem
852 2273 945 2354 jurati
971 2288 1002 2335 et
1033 2275 1083 2336 via
1117 2294 1173 2336 seu
1198 2275 1300 2356 platea
1334 2274 1498 2336 communi
1524 2273 1665 2336 habitam

405 2395 437 2444 et
460 2381 658 2458 existentem,
692 2399 849 2462 muroque
881 2382 1022 2464 predicte
1056 2381 1192 2444 civitatis
1223 2381 1442 2460 adherentem,
1474 2394 1612 2462 quatuor
1637 2381 1668 2442 in

405 2501 474 2550 toto
499 2488 601 2548 curias
632 2487 671 2548 ad
708 2506 800 2548 usum
838 2487 921 2548 dicte
958 2487 1095 2550 civitatis
1126 2489 1157 2549 in
1191 2508 1223 2548 se
1259 2489 1490 2565 continentem,
1517 2486 1667 2549 Michaeli

406 2593 701 2656 lllwthunnhawsar
724 2591 792 2654 filio
810 2593 909 2654 Vlrici
934 2594 974 2656 de
1000 2594 1093 2656 Balse
1115 2594 1238 2656 concivi
1264 2607 1373 2655 nostro
1390 2614 1428 2654 ac
1443 2612 1500 2675 per
1517 2612 1590 2654 eum
1615 2593 1669 2653 he·

405 2701 536 2763 redibus
559 2719 617 2782 pro
642 2700 854 2782 quadraginta
880 2700 949 2763 flor.
981 2703 1049 2762 auri
1082 2700 1227 2762 vendidit
1258 2714 1414 2782 perpetuo
1439 2700 1665 2782 possidendam

406 2819 437 2868 et
453 2803 626 2888 superinde
643 2806 702 2866 sub
727 2805 880 2888 pendenti
903 2806 1011 2886 sigillo
1035 2807 1127 2868 litera
1158 2819 1263 2867 nostre
1286 2805 1526 2867 communitatis
1546 2818 1593 2866 est
1609 2803 1669 2866 sibi

407 2924 566 2974 emanata.

511 3020 589 3083 ltem
615 3041 652 3082 ex
676 3021 913 3083 testamentaria
937 3021 1104 3102 legacione
1137 3021 1264 3083 discreti
1297 3021 1355 3082 viri
1382 3019 1506 3082 domini
1533 3016 1667 3101 Georgii

406 3128 463 3191 lilii
486 3127 649 3191 Valentini
675 3128 794 3189 Malich
819 3128 907 3206 dicti,
932 3129 1010 3190 olim
1035 3129 1178 3191 concivis
1210 3129 1321 3207 nostri,
1347 3127 1509 3209 quandam
1535 3127 1668 3189 totalem

407 3234 541 3296 domum
566 3235 707 3315 ligneam
732 3235 830 3296 simul
854 3254 926 3296 cum
952 3233 1054 3296 londo
1078 3249 1109 3297 et
1132 3233 1266 3296 edificiis
1299 3235 1380 3295 inter
1403 3233 1529 3311 domos,
1553 3230 1670 3294 fundos

408 3354 439 3403 et
463 3339 588 3402 edificia
612 3341 740 3403 discreti
765 3341 823 3402 viri
849 3341 973 3402 domini
998 3341 1161 3403 Valentini
1194 3341 1233 3402 de
1267 3340 1453 3425 Jamnycha,
1476 3361 1493 3400 a
1519 3340 1669 3401 meridio-

408 3447 480 3508 nale
505 3461 604 3530 parte,
629 3461 660 3508 et
684 3449 766 3510 inter
783 3445 918 3509 fundum
944 3463 974 3509 et
991 3448 1125 3509 domurn
1145 3448 1243 3508 Lucia
1260 3461 1372 3509 vocate
1397 3447 1506 3508 relicte
1531 3446 1669 3508 condam

407 3554 570 3615 Valentini
596 3554 787 3636 Mwngaka
820 3553 1075 3636 septemtrionali
1109 3567 1196 3636 parte
1221 3552 1374 3630 habitam,
1408 3571 1504 3613 unam
1529 3565 1669 3614 tantum·

408 3661 507 3722 modo
531 3673 676 3741 quartam
702 3661 788 3722 curie
813 3661 845 3721 in
870 3681 902 3721 se
931 3660 1161 3738 continentem,
1187 3659 1284 3721 Lucie
1317 3659 1425 3720 relicte
1450 3657 1589 3720 condam
1614 3659 1667 3719 Jo-

408 3766 523 3828 hannis
540 3767 664 3827 concivi
689 3780 796 3828 nostre
820 3767 989 3828 statuimus
1001 3767 1068 3848 jure
1082 3779 1238 3849 perpetuo
1256 3765 1481 3848 possidendam
1507 3779 1538 3825 et
1561 3784 1669 3847 super-

409 3872 483 3933 inde
497 3874 556 3934 sub
574 3872 726 3954 pendenti
744 3874 851 3954 sigillo
875 3873 967 3934 litera
981 3888 1086 3934 nostre
1105 3872 1344 3934 communitatis
1361 3885 1407 3932 est
1432 3871 1492 3932 sibi
1510 3884 1668 3932 emanata.

515 3979 592 4040 Item
617 3979 866 4061 circumspectus
890 3980 937 4040 vir
955 3980 1145 4040 Ambrosius
1168 3979 1324 4061 presbiter
1340 3977 1425 4040 filius
1450 3977 1614 4039 Dominici
1630 3977 1671 4038 de

410 4084 591 4146 Morawcha
623 4085 780 4166 plebanus
812 4085 943 4148 ecclesie
967 4098 1073 4147 sancte
1107 4084 1220 4147 Crucis
1252 4085 1291 4146 de
1317 4085 1482 4162 Hwthina,
1514 4083 1669 4165 quasdam

409 4191 552 4253 residuas
576 4191 691 4254 totales
715 4193 824 4253 vineas
855 4211 910 4252 seu
942 4192 1084 4254 vineales
1116 4193 1286 4273 porciones
1316 4191 1412 4252 simul
1445 4209 1517 4252 cum
1542 4189 1670 4252 stabulo

410 4311 440 4359 et
464 4297 579 4360 horreo
603 4318 640 4359 ac
664 4297 793 4379 (hlorto,
818 4318 875 4360 nec
901 4319 965 4360 non
991 4299 1078 4359 silvis
1102 4299 1256 4359 totalibus
1288 4297 1409 4359 ibidem
1435 4298 1562 4374 habitis,
1587 4297 1670 4358 inter

409 4405 518 4466 vineas
542 4405 717 4466 liberorum
742 4426 798 4467 seu
830 4425 1049 4468 successorum
1084 4405 1244 4484 Choni,a
1276 4405 1481 4467 meridionali
1505 4419 1605 4486 parte,
1629 4407 1670 4466 ab

410 4511 508 4572 altera
534 4531 609 4572 vero
633 4512 781 4574 similiter
813 4513 1017 4574 meridionali
1054 4531 1273 4574 successorum
1306 4512 1443 4573 condam
1469 4511 1566 4573 Blasii
1591 4511 1668 4574 dicti

411 4617 670 4700 Sltvryanchich,
696 4639 753 4680 nec
778 4639 842 4680 non
869 4621 949 4680 inter
973 4619 1114 4680 vineales
1130 4619 1300 4700 porciones
1325 4618 1423 4679 lwani
1448 4617 1588 4698 agricole
1612 4616 1670 4679 lilii

411 4723 501 4784 Pauli
527 4723 566 4784 de
592 4724 695 4785 Obres
720 4744 775 4806 per
799 4739 917 4786 metam
950 4725 1116 4786 cuiusdam
1140 4726 1200 4806 piri
1233 4724 1331 4805 vulgo
1356 4724 1590 4786 Pethrovvsicza
1613 4745 1670 4785 vo-

411 4844 478 4891 cate
503 4843 534 4892 et
557 4831 722 4892 cuiusdam
752 4831 863 4892 semite
889 4832 970 4912 parti
988 4830 1107 4892 vineali
1125 4831 1344 4910 deservientis,
1361 4851 1397 4892 ac
1416 4831 1547 4892 alterius
1563 4830 1671 4914 lwany

410 4935 467 4997 filii
493 4936 625 4997 Fabiani
652 4937 767 4998 sutoris
791 4938 901 5018 generi
933 4938 1069 4998 condam
1096 4937 1260 4999 Valentini
1291 4938 1408 4998 sutoris
1436 4936 1550 4998 Follen
1583 4936 1670 5014 dicti,

411 5060 467 5126 per
493 5043 755 5105 interseccionem
780 5043 894 5105 vitium
920 5064 975 5126 per
1007 5059 1111 5125 partes
1135 5044 1289 5106 vicinales
1309 5063 1368 5126 pro
1392 5057 1476 5106 meta
1501 5041 1669 5122 factam,a
