3840 5810
797 534 883 592 Anno
907 548 998 612 1442.
1495 553 1525 592 rr

267 747 420 809 Wolkow
446 761 476 809 et
508 745 637 808 Thome
669 747 808 824 sartoris,
837 765 984 808 necnon
1017 747 1194 808 liberorum
1228 747 1365 809 condam
1400 747 1531 828 Georgii

267 855 397 916 sartoris
429 875 465 916 ac
494 854 577 916 inter
608 853 675 914 vias
699 873 755 915 seu
787 854 908 936 plateas
940 873 1129 916 communes
1152 854 1305 931 habitam,
1330 873 1427 915 unam
1453 853 1532 917 inte·

269 980 359 1042 gram
384 961 505 1022 curiam
531 961 562 1022 in
587 981 619 1022 se
637 961 868 1040 continentem,
892 961 1020 1022 Andree
1052 961 1167 1022 Latino
1192 959 1259 1022 filio
1285 960 1461 1038 Michaelis,
1485 959 1532 1040 ju-

270 1080 337 1129 rato
362 1082 471 1130 nostro
504 1067 673 1145 modern0,
709 1087 767 1149 pro
801 1067 975 1148 nonaginta
1011 1067 1154 1149 quinque
1187 1065 1256 1129 flor.
1289 1067 1357 1127 auri
1389 1066 1534 1128 vendidit

272 1189 424 1256 perpetuo
450 1173 678 1256 possidendam
704 1187 734 1234 et
766 1173 936 1256 superinde
965 1187 1011 1234 est
1042 1174 1133 1234 litera
1164 1175 1223 1234 sub
1248 1173 1400 1255 pendenti
1425 1173 1532 1254 sigillo

270 1280 508 1342 communitatis
531 1279 775 1362 privilegialiter
799 1293 956 1340 emanata.

373 1387 451 1448 Item
477 1407 514 1447 ex
546 1385 783 1448 testamentaria
820 1386 985 1467 legacione
1018 1385 1167 1468 Gregorii
1200 1386 1293 1467 jurati
1336 1385 1393 1448 lilii
1431 1387 1531 1448 Bene-

271 1494 344 1556 dicti
369 1495 509 1576 quedam
533 1495 626 1556 vinea
650 1513 706 1554 sua
736 1493 844 1555 totalis
869 1494 900 1554 in
925 1494 1085 1556 territorio
1104 1508 1212 1556 nostro
1229 1514 1285 1555 seu
1310 1493 1446 1555 civitatis
1463 1513 1531 1575 pre-

274 1602 357 1663 dicte
382 1603 463 1662 inter
488 1601 597 1664 vineas
622 1615 686 1662 tam
717 1600 856 1662 desertas
880 1621 976 1682 quarn
1002 1601 1102 1662 cultas
1121 1602 1203 1662 Petri
1228 1601 1342 1681 judicis
1366 1599 1422 1662 filii
1442 1599 1531 1662 Pauli

273 1722 302 1770 et
325 1709 410 1769 viam
435 1727 655 1786 communem,
671 1708 711 1769 ab
729 1707 865 1784 oriente,
891 1727 949 1769 nec
975 1727 1040 1768 non
1059 1708 1140 1769 inter
1157 1708 1273 1770 vallem
1298 1727 1353 1769 seu
1378 1705 1531 1768 fossatum

272 1834 309 1874 an
335 1813 505 1875 decursum
522 1833 605 1895 aque
623 1813 772 1896 pluvialis
790 1829 819 1874 et
837 1813 963 1874 vineam
981 1815 1222 1874 communitatis
1240 1827 1345 1875 nostre
1370 1813 1532 1876 condicio·

273 1920 351 1981 nalis
375 1939 581 1982 communem
618 1941 635 1982 a
669 1920 873 1981 meridionali
906 1933 994 2001 parte
1018 1935 1048 1981 et
1081 1921 1164 1980 viam
1190 1939 1395 1982 communem
1437 1921 1532 1980 aliam

273 2027 407 2108 desuper
442 2028 557 2109 partim
582 2029 621 2088 ab
647 2027 814 2088 occidente
843 2039 873 2088 et
898 2028 1012 2108 partim
1038 2049 1055 2087 a
1081 2028 1320 2109 septemtrione,
1345 2027 1429 2106 juxta
1458 2047 1532 2086 con·

272 2147 355 2194 tenta
379 2133 468 2195 litere
486 2133 695 2215 privilegialis
719 2133 891 2214 superinde
916 2131 1061 2196 conlecte
1086 2147 1117 2194 et
1149 2147 1305 2212 emanata,
1330 2135 1389 2194 sita
1413 2147 1444 2194 et
1468 2112 1531 2193 eiri-

272 2252 354 2300 stens
377 2260 412 2300 ac
436 2239 556 2318 habita,
580 2239 715 2321 desuper
739 2261 755 2300 a
782 2239 832 2300 via
857 2241 1020 2301 communi
1047 2240 1204 2322 superiori
1229 2240 1370 2321 predicta
1403 2253 1433 2300 et
1451 2238 1532 2300 infra

272 2365 371 2426 usque
396 2347 553 2428 predictas
577 2347 685 2408 vineas
710 2347 809 2427 ipsius
834 2346 918 2408 Petri
951 2346 1066 2426 judicis
1090 2367 1125 2408 ac
1146 2347 1230 2408 viam
1255 2365 1460 2408 communem
1487 2347 1532 2407 in·

274 2451 419 2514 letiorem
436 2473 468 2514 se
493 2454 678 2530 extendens,
702 2453 833 2513 domine
852 2453 1024 2514 Scolastice
1049 2454 1141 2514 aliter
1164 2455 1263 2514 Ztana
1282 2467 1391 2514 vocate
1424 2453 1531 2513 relicte

272 2559 369 2641 ipsius
386 2558 533 2641 Gregorii
559 2559 651 2640 jurati
691 2579 774 2621 nunc
804 2561 943 2621 consorti
968 2561 1124 2641 legittime
1153 2560 1279 2621 Andree
1306 2560 1409 2622 Latini
1440 2559 1532 2638 jurati

275 2667 371 2728 nostri
404 2667 550 2729 moderni
588 2681 634 2728 est
665 2668 723 2728 sub
755 2667 908 2748 pendenti
940 2667 1048 2748 sigillo
1081 2667 1320 2730 communitatis
1352 2667 1533 2750 privilegia·

275 2773 343 2833 liter
367 2771 551 2835 confirmata
578 2787 733 2856 perpetuo
759 2773 963 2856 possidenda.
1303 2841 1307 2849 ,

378 2879 454 2941 ltem
482 2881 675 2942 Benedictus
698 2879 784 2941 filius
805 2880 970 2941 Michaelis
988 2880 1165 2942 Sebastiani
1184 2882 1214 2941 in
1240 2901 1374 2962 persona
1401 2880 1532 2961 Georgii

275 2984 375 3047 fratris
398 2987 446 3048 sui
472 2987 606 3068 junioris
644 2987 806 3068 quendam
832 2987 985 3068 (hlortum
1011 2988 1109 3069 ipsius
1139 2986 1271 3068 Georgii
1299 2986 1402 3048 fratris
1426 2988 1474 3048 sui
1500 2987 1531 3047 in

273 3093 425 3154 suburbio
449 3094 586 3155 civitatis
610 3093 752 3176 predicte
778 3095 860 3155 inter
877 3093 1013 3176 (h)ortos
1039 3094 1152 3154 Briccii
1181 3093 1273 3172 jurati
1294 3093 1349 3156 filii
1376 3093 1532 3154 lobannis

275 3213 303 3260 et
328 3199 426 3260 Elone
452 3200 560 3261 relicte
585 3200 722 3260 condam
750 3199 881 3280 Georgii
908 3200 1061 3262 Wollrow
1091 3200 1164 3261 dicti
1192 3201 1347 3279 habitum,
1371 3220 1443 3262 cum
1468 3201 1533 3261 suis

275 3305 477 3384 pertinenciis
513 3305 640 3367 Marino
664 3305 761 3387 judici
787 3305 854 3367 filio
880 3307 991 3368 Klario
1016 3327 1073 3388 pro
1099 3307 1343 3388 quatuordecim
1369 3307 1439 3368 flor.
1464 3307 1532 3368 auri

275 3411 417 3473 vendidit
441 3413 628 3474 auctoritate
646 3413 863 3494 procuratoris
889 3427 1044 3494 perpetuo
1061 3413 1292 3494 possidendum
1317 3427 1346 3475 et
1362 3413 1533 3495 superinde

275 3516 363 3577 litera
387 3517 597 3599 privilegialis
621 3521 679 3579 sub
696 3519 849 3599 pendenti
873 3519 980 3600 sigillo
1008 3519 1246 3580 communitatis
1271 3533 1427 3581 emanata.

378 3623 455 3684 Item
482 3623 596 3685 Vrsula
615 3625 725 3686 relicta
750 3624 887 3686 condam
906 3626 1043 3686 Emerici
1073 3625 1201 3686 sartoris
1226 3625 1388 3706 quandam
1406 3625 1533 3686 vineam

275 3749 363 3790 suam
389 3731 421 3790 in
445 3731 606 3793 territorio
631 3745 740 3794 nostro
765 3733 847 3794 inter
864 3733 974 3793 vineas
998 3733 1174 3793 liberorum
1192 3732 1330 3792 condam
1356 3731 1534 3792 Clementis

275 3835 428 3898 institoris
460 3851 490 3898 et
521 3838 655 3919 provide
689 3839 832 3899 mulieris
864 3839 1064 3918 Margaretha
1101 3851 1211 3900 vocate
1255 3838 1363 3900 relicte
1396 3838 1532 3899 condam

275 3940 412 4020 Thornc,
437 3963 521 4004 nunc
546 3946 701 4006 consortis
726 3945 857 4024 Georgii
885 3944 963 4006 labri
987 3943 1043 4005 filii
1062 3945 1222 4006 Valentini
1250 3943 1402 4020 habitam,
1427 3944 1531 4005 eidem

275 4045 414 4130 Georgio
438 4048 530 4111 labro
553 4070 611 4131 pro
636 4064 773 4132 quatuor
797 4071 869 4111 cum
895 4051 1002 4112 medio
1028 4050 1095 4113 flor.
1121 4051 1188 4112 auri
1214 4050 1359 4112 vendidit
1376 4063 1531 4132 perpetuo

274 4155 510 4235 possidendam,
535 4170 566 4218 et
589 4156 711 4237 prelata
738 4157 939 4238 Margaretha
964 4156 1079 4218 mulier
1101 4157 1275 4238 predictam
1300 4156 1426 4216 vineam
1444 4175 1533 4216 suam

276 4261 306 4320 in
331 4262 493 4324 vicinitate
526 4263 667 4344 predicte
699 4265 793 4324 vinee
828 4264 926 4345 ipsius
958 4262 1089 4343 Georgii
1124 4262 1202 4323 fabri
1235 4261 1395 4340 habitam,
1428 4262 1533 4322 eidem

277 4365 415 4448 Georgio
441 4369 532 4430 labro
557 4370 691 4431 domino
716 4384 747 4432 et
765 4370 879 4430 marito
897 4389 956 4430 suo
985 4369 1144 4450 legittimo
1169 4389 1204 4430 ac
1230 4389 1286 4448 per
1311 4387 1366 4428 eos
1392 4367 1533 4448 ipsorum

276 4473 446 4535 heredibus
470 4475 603 4536 donavit
628 4491 783 4558 perpetuo
808 4475 1036 4556 possidendam
1062 4490 1093 4537 et
1126 4475 1297 4557 superinde
1322 4475 1412 4535 litera
1438 4474 1534 4554 privi-

277 4579 398 4662 legialis
422 4584 481 4643 sub
505 4583 657 4664 pendenti
682 4583 790 4664 sigillo
815 4583 1053 4644 communitatis
1077 4595 1234 4643 emanata.

380 4688 457 4750 ltem
482 4689 672 4751 Valentinus
707 4687 792 4750 filius
821 4689 974 4770 Stephani
1007 4689 1164 4750 tributarii
1198 4688 1404 4748 medietatem
1430 4687 1533 4746 cuius-

278 4793 348 4854 dam
373 4794 491 4856 domus
513 4815 580 4872 sue,
606 4810 727 4877 partem
761 4795 912 4856 videlicet
946 4796 1157 4876 posteriorem
1191 4795 1289 4875 ipsius
1321 4793 1438 4852 domus
1469 4813 1536 4870 sue,

278 4899 307 4960 in
333 4899 415 4961 dicta
440 4900 568 4962 civitate
593 4903 675 4962 inter
692 4901 809 4963 fundos
834 4915 865 4962 et
883 4902 997 4963 domos
1015 4902 1225 4962 discretorum
1250 4900 1393 4960 virorum
1412 4899 1535 4960 domini

282 5007 458 5070 Clementis
482 5023 512 5070 et
537 5009 660 5071 domini
687 5009 838 5092 Symonis
862 5029 897 5071 ac
914 5009 1091 5070 liberorum
1117 5008 1252 5070 condam
1278 5006 1439 5068 Francisci
1457 5005 1537 5068 labri
