3816 5802
285 819 425 880 dendam
449 832 480 880 et
503 818 676 901 superinde
701 819 808 881 eidem
834 820 928 882 Petro
954 820 1037 881 Kuss
1061 833 1109 883 est
1132 820 1224 882 litera
1249 823 1308 884 sub
1333 822 1486 904 pendenti
1510 824 1550 886 si·

283 926 362 1008 gillo
388 926 628 988 communitatis
652 939 811 988 emanata.

389 1031 468 1094 Item
493 1032 634 1113 quedam
659 1047 741 1094 terra
766 1033 896 1094 arabilis
913 1033 1010 1114 patris
1024 1033 1162 1095 condam
1180 1034 1381 1115 Margarethe
1407 1037 1550 1099 mulieris

284 1139 392 1200 relicte
417 1139 556 1200 condam
580 1137 712 1222 Mathye
730 1139 851 1221 Supan,
877 1139 1043 1201 Benedicti
1061 1139 1227 1225 Saronych
1251 1141 1367 1219 vocati,
1385 1142 1417 1202 in
1435 1161 1550 1225 campo

284 1258 392 1307 nostro
417 1245 498 1307 inter
522 1259 621 1306 terras
646 1245 812 1306 Benedicti
845 1243 903 1306 filii
938 1244 1104 1324 Johannis,
1128 1247 1168 1307 ab
1201 1247 1336 1326 oriente,
1361 1260 1392 1308 et
1416 1245 1549 1309 fratrum

283 1351 411 1414 claustri
436 1352 520 1413 beati
545 1351 707 1412 Francisci
740 1349 932 1413 confessoris
964 1353 1003 1413 ab
1035 1352 1202 1414 occidente
1233 1353 1355 1432 habita,
1393 1353 1472 1415 duas
1497 1355 1549 1416 vel

283 1459 359 1522 citra
384 1457 486 1518 dietas
510 1473 592 1519 terre
617 1457 648 1518 in
674 1478 707 1518 se
741 1458 921 1536 continens,
946 1457 1052 1519 eidem
1085 1459 1286 1540 Margarethe
1319 1459 1446 1522 mulieri
1480 1461 1548 1542 jure

282 1563 480 1626 hereditario
505 1577 553 1627 est
576 1564 750 1626 literatorie
775 1576 890 1626 statuta
913 1577 1071 1646 perpetuo
1095 1565 1289 1646 possidenda
1321 1579 1352 1628 et
1376 1567 1549 1649 superinde

282 1671 388 1733 eidem
413 1669 616 1753 Margarethe
640 1669 768 1732 mulieri
802 1683 849 1732 est
880 1671 970 1732 litera
995 1670 1206 1752 privilegialis
1238 1672 1297 1734 sub
1329 1672 1483 1755 pendenti
1507 1673 1548 1734 si-

280 1777 361 1860 gillo
385 1777 628 1839 communitatis
652 1791 808 1839 emanata.

387 1883 465 1946 ltem
499 1883 694 1946 Benedictus
726 1897 828 1945 sartor
860 1882 944 1946 lilius
978 1883 1156 1963 Michaelis,
1189 1883 1315 1966 pridem
1345 1884 1442 1966 judex
1473 1904 1548 1948 con-

281 1992 424 2072 civisque
449 2004 567 2069 noster,
592 1991 624 2052 in
641 2011 697 2052 sua
722 2005 753 2052 et
778 1991 1002 2052 universorum
1020 2010 1196 2073 puerorum
1221 2011 1355 2054 suorum
1378 1993 1545 2075 utriusque

281 2118 374 2161 sexus
398 2117 436 2160 err
460 2097 594 2180 provida
626 2097 761 2160 muliere
787 2097 989 2178 Margaretha
1024 2111 1139 2160 vocata
1171 2094 1236 2159 filia
1269 2099 1407 2161 condam
1432 2099 1547 2162 Briccii

280 2205 447 2289 piscatoris
482 2225 567 2266 nunc
592 2217 740 2267 consorte
764 2204 923 2285 legittima
956 2204 1100 2267 eiusdem
1125 2205 1292 2268 Benedicti
1316 2205 1431 2287 judicis
1455 2206 1547 2288 legit·

278 2313 356 2374 time
381 2331 467 2373 nunc
490 2312 663 2392 procreatis
687 2325 718 2373 et
742 2311 774 2372 in
800 2309 944 2373 futurum
977 2311 1194 2394 procreandis,
1227 2313 1382 2394 personis,
1406 2331 1488 2374 onus
1512 2327 1543 2376 et

279 2438 453 2500 gravamen
471 2437 583 2480 eorum
608 2419 689 2479 inse
714 2419 800 2500 ipsos
817 2431 931 2501 sponte
949 2438 1005 2500 per
1021 2419 1130 2480 omnia
1155 2418 1360 2498 assumendo,
1378 2418 1541 2500 quandam

279 2539 395 2587 terram
420 2544 532 2586 eorurn
557 2524 711 2586 arabilem
738 2526 770 2586 in
796 2543 910 2606 campo
935 2524 1072 2586 civitatis
1089 2524 1232 2607 predicte
1257 2525 1429 2586 intervias
1454 2545 1540 2587 corn·

279 2652 395 2694 munes
417 2652 519 2714 prope
543 2632 717 2694 claustrum
743 2632 843 2694 sancti
868 2631 995 2694 Nicolai
1013 2630 1205 2693 confessoris
1229 2630 1382 2709 habitam,
1407 2647 1545 2715 quatuor

279 2739 382 2801 dietas
405 2739 457 2800 vel
482 2739 559 2801 citra
576 2737 616 2800 ad
641 2758 734 2800 usum
752 2739 945 2821 possessoris
962 2737 1062 2820 ipsius
1079 2738 1111 2800 in
1128 2758 1161 2800 se
1178 2737 1362 2818 habentem,
1379 2738 1545 2800 Anthonio

278 2847 426 2929 arcupari
451 2846 538 2908 dicto
562 2847 665 2907 lanko
689 2844 758 2908 filio
783 2845 868 2907 lwan
894 2846 934 2907 de
957 2844 1074 2906 Zethsa
1098 2844 1223 2906 concivi
1247 2857 1357 2907 nostro
1381 2865 1439 2928 pro
1464 2865 1545 2928 quo·

278 2953 352 3014 dam
377 2953 496 3032 (h)orto
521 2971 580 3013 suo
605 2952 637 3013 in
655 2952 810 3014 suburbio
828 2951 965 3014 civitatis
988 2951 1131 3035 predicte
1149 2970 1250 3033 prope
1268 2951 1435 3014 ecclesiam
1454 2953 1544 3014 beate

278 3058 480 3141 Margarethe
504 3058 638 3139 virginis
662 3057 772 3120 habito
796 3078 832 3120 ac
857 3078 915 3140 pro
940 3057 1162 3120 additamento
1180 3058 1294 3138 viginti
1319 3071 1457 3140 quatuor
1473 3058 1543 3122 flor.

277 3167 345 3227 auri
370 3165 460 3226 dedit
491 3177 649 3247 perpetuo
682 3163 911 3246 possidendam
944 3178 974 3225 et
1002 3163 1175 3247 superinde
1209 3177 1256 3226 est
1277 3164 1368 3227 litera
1393 3165 1454 3247 ipsi
1478 3169 1545 3226 An·

277 3272 392 3334 thonio
416 3271 562 3352 arcupari
587 3275 646 3332 sub
670 3269 823 3352 pendenti
848 3269 957 3350 sigillo
982 3271 1222 3332 communitatis
1246 3284 1403 3335 emanata.

384 3377 463 3439 ltem
497 3377 582 3438 idern
615 3375 801 3438 Anthonius
833 3395 967 3458 arcupar
999 3375 1152 3457 (h)ortum
1181 3395 1275 3438 suum
1306 3376 1486 3459 predictum
1510 3378 1544 3440 in

278 3487 436 3549 suburbio
461 3485 597 3548 civitatis
621 3483 741 3567 prefate
767 3486 850 3548 inter
881 3483 1037 3567 (h)ortum
1067 3485 1206 3545 Emerici
1238 3485 1355 3546 sutoris
1388 3484 1481 3566 jurati
1507 3506 1543 3548 ac

278 3595 361 3655 inter
396 3591 551 3675 (h)ortum
587 3591 721 3672 Georgii
758 3591 797 3652 de
835 3591 1008 3652 Pettouina
1044 3590 1208 3670 habitum,
1247 3591 1398 3673 predictis
1436 3594 1544 3674 pueris

279 3701 445 3781 utriusque
470 3719 563 3760 sexus
586 3699 731 3781 ipsorum
756 3697 923 3759 Michaelis
956 3696 1014 3758 lilii
1044 3696 1193 3760 videlicet
1225 3697 1391 3760 Benedicti
1415 3699 1543 3761 sartoris

280 3821 310 3870 et
336 3805 537 3887 Margarethe
561 3825 618 3867 sue
643 3805 800 3866 consortis
823 3817 889 3866 tam
914 3805 1116 3886 presentibus
1135 3824 1232 3886 quarn
1256 3803 1372 3867 futuris
1396 3825 1454 3887 pro
1471 3826 1542 3888 pre·

278 3913 360 3974 dicta
385 3927 468 3973 terra
493 3931 605 3973 eorum
629 3910 742 3973 arabili
761 3930 833 3972 curn
858 3909 1080 3973 additamento
1097 3911 1316 3993 predictorum
1332 3911 1447 3993 viginti
1465 3931 1542 3993 qua-

277 4034 349 4081 tuor
373 4017 443 4083 flor.
469 4019 537 4080 auri
559 4018 648 4081 dedit
672 4031 827 4100 perpetuo
860 4017 1091 4098 possidendum
1120 4031 1151 4079 et
1182 4017 1356 4101 superinde
1380 4033 1427 4080 est
1450 4019 1542 4080 litera

278 4128 336 4188 sub
360 4125 514 4209 pendenti
539 4125 647 4206 sigillo
672 4125 911 4186 communitatis
935 4139 1093 4188 emanata.

383 4233 462 4294 ltem
487 4233 618 4313 quidam
652 4230 772 4292 fundus
804 4231 899 4292 unius
931 4245 1043 4312 quarte
1076 4232 1163 4293 curie
1195 4232 1371 4294 liberorum
1404 4231 1541 4293 condam

279 4339 433 4423 Stephani
459 4337 551 4418 labri,
576 4339 657 4400 inter
682 4339 816 4399 domurn
842 4351 872 4399 et
897 4336 1033 4398 fundum
1060 4338 1229 4400 Laurencii
1252 4339 1406 4401 institoria
1431 4353 1461 4400 et
1485 4340 1541 4400 Ni·

278 4447 359 4509 colai
386 4447 572 4508 Mechotreb
597 4446 736 4525 habitus,
769 4465 841 4507 curn
873 4445 938 4506 suis
966 4446 1184 4527 pertinenciis,
1217 4447 1309 4509 certis
1333 4460 1364 4508 et
1396 4447 1540 4508 raciona-

278 4555 361 4616 libus
385 4554 426 4615 de
451 4554 564 4632 causis,
589 4553 729 4615 Martino
753 4551 869 4614 cultori
893 4550 961 4613 filio
987 4552 1116 4614 Thome
1142 4553 1228 4614 dicto
1253 4553 1399 4614 Kusaren
1424 4565 1471 4614 est
1503 4552 1540 4613 li·

277 4661 427 4725 teratorie
451 4674 587 4724 statutus
610 4672 766 4743 perpetuo
784 4659 997 4743 possidendus
1021 4673 1051 4720 et
1071 4659 1245 4742 superinde
1270 4660 1375 4720 eidem
1402 4659 1541 4720 Martino

279 4770 425 4831 Kusaren
458 4781 504 4830 est
538 4768 628 4829 litera
660 4767 869 4849 privilegialis
900 4767 958 4827 sub
991 4766 1143 4847 pendenti
1168 4766 1275 4848 sigillo
1300 4767 1540 4828 communitatis

280 4888 437 4938 emanata.

385 4981 464 5042 ltern
491 4981 591 5042 Elena
615 4980 723 5041 relicta
749 4979 886 5040 condam
904 4978 1057 5060 Stephani
1076 4978 1183 5040 Kneht
1204 4978 1356 5039 directam
1381 4991 1412 5039 et
1443 4998 1541 5059 equa·

281 5087 344 5149 lem
369 5087 576 5149 medietatem
610 5085 777 5148 cuiusdam
811 5085 937 5164 domus,
970 5083 1061 5148 fundi
1087 5099 1117 5147 et
1150 5083 1373 5148 hedificiorum
1398 5085 1431 5147 in
1457 5085 1540 5150 dicta
