3816 5802
341 819 418 881 Item
448 820 627 904 Dyonisiua
659 817 763 879 dictus
796 817 932 900 Dyanko
964 817 1049 880 filius
1074 820 1204 903 Mathye
1241 819 1343 882 fratris
1367 819 1502 882 carnalis

235 925 319 986 lwan
345 925 521 1010 Jalchyew,
553 925 717 1007 quandam
749 923 862 984 silvam
897 937 927 986 et
958 925 1085 987 vineam
1110 945 1200 987 susm
1234 926 1391 988 desertam
1416 925 1498 987 inter

235 1032 363 1094 vineam
397 1032 538 1113 magistri
565 1031 684 1093 Matbei
720 1030 836 1092 notarii
861 1031 960 1092 nostri
986 1031 1132 1094 moderni
1162 1031 1218 1093 filii
1244 1031 1331 1093 Luce
1363 1044 1394 1094 et
1417 1031 1499 1093 inter

234 1139 362 1199 vineam
389 1151 420 1200 et
442 1139 555 1200 silvam
581 1137 757 1199 liberorum
782 1155 839 1198 seu
862 1157 1081 1199 successorum
1107 1137 1245 1200 condam
1271 1135 1422 1218 Gregorii
1447 1137 1501 1199 ha·

234 1245 346 1321 bitam,
372 1243 477 1305 eidem
502 1244 655 1326 magistro
682 1241 811 1306 Matheo
834 1263 871 1304 ex
895 1261 1053 1306 consensu
1071 1243 1207 1306 aliorum
1234 1243 1413 1306 vicinorum
1430 1261 1500 1326 pre·

233 1351 393 1412 dictorum
405 1351 551 1412 vendidit
568 1363 725 1432 perpetuo
742 1349 971 1431 possidendam
990 1363 1021 1412 et
1036 1349 1209 1433 superinde
1222 1364 1268 1412 est
1284 1351 1375 1414 litera
1393 1349 1498 1412 eidem

232 1457 386 1538 magistro
411 1456 541 1518 Matheo
565 1459 624 1519 sub
650 1457 803 1538 pendenti
827 1456 936 1538 sigillo
964 1457 1205 1520 communitatis
1229 1471 1387 1521 emanata.

338 1579 416 1643 Item
434 1580 574 1642 Michael
591 1580 729 1663 lapicida
745 1578 831 1642 filius
848 1579 984 1642 condam
1000 1581 1153 1664 Stephani
1171 1581 1308 1664 lapicide
1333 1581 1495 1665 quandam

233 1686 368 1749 domum
394 1707 483 1749 suam
509 1699 667 1750 muratam
692 1687 788 1750 simul
814 1707 886 1749 cum
912 1687 1014 1750 lundo
1039 1703 1069 1751 et
1097 1687 1253 1750 hedificiis
1277 1689 1358 1750 inter
1382 1687 1498 1751 domos

232 1793 291 1854 viri
315 1794 441 1875 providi
467 1809 499 1856 et
532 1795 657 1857 honesti
691 1793 821 1856 Martini
854 1793 980 1875 judicis,
1005 1796 1045 1856 ab
1069 1814 1132 1857 una
1166 1807 1265 1876 parte,
1289 1807 1320 1856 et
1344 1807 1431 1876 parte
1456 1795 1497 1856 ab

232 1899 330 1961 altera
355 1901 478 1982 capelle
503 1903 594 1963 beate
621 1901 796 1963 Katherine
833 1901 966 1983 virginis
990 1901 1143 1980 habitam,
1167 1901 1246 1962 duas
1277 1901 1381 1962 curias
1405 1901 1437 1963 in
1462 1919 1495 1962 se

232 2007 463 2086 continentem,
487 2026 561 2068 cum
583 2007 648 2068 suis
673 2007 865 2068 utilitatibus
888 2021 919 2070 et
943 2007 1148 2088 pertinenciis
1172 2006 1328 2069 universis
1364 2005 1494 2068 Matheo

234 2113 347 2174 sartori
372 2111 438 2174 filio
471 2113 636 2195 Stephani,
668 2113 792 2195 pridem
826 2113 930 2195 jurato
961 2113 1088 2194 civique
1120 2125 1241 2192 nostro,
1273 2132 1331 2196 pro
1356 2112 1495 2196 quadam

236 2219 335 2282 domo
359 2239 414 2281 sua
439 2233 470 2281 et
495 2217 597 2281 fundo
613 2239 649 2280 ac
666 2218 823 2281 hedificiis
847 2221 879 2282 in
906 2221 989 2281 dicta
1007 2221 1132 2281 civitate
1154 2219 1273 2298 habita,
1289 2239 1387 2282 unam
1404 2239 1497 2302 quar-

234 2339 299 2386 tam
326 2339 356 2388 et
379 2339 525 2387 octavam
551 2326 637 2388 curie
662 2325 694 2387 in
719 2345 752 2387 se
769 2327 964 2404 continente,
989 2346 1025 2388 ac
1042 2345 1100 2407 pro
1124 2325 1344 2388 additamento
1368 2325 1497 2409 triginta

234 2432 378 2512 quinque
403 2431 473 2494 flor.
498 2433 567 2493 auri
593 2432 651 2514 ipsi
684 2431 833 2494 Michaeli
867 2431 1003 2515 lapicida
1035 2451 1092 2513 per
1123 2433 1227 2515 ipsum
1262 2431 1426 2494 Matheum
1451 2432 1497 2515 ju·

234 2551 338 2598 ratum
363 2537 459 2620 plene
483 2538 665 2620 persolutis,
689 2539 953 2600 concambialiter
976 2537 1064 2599 dedit
1088 2551 1244 2621 perpetuo
1269 2535 1498 2621 possidendam

234 2657 266 2704 et
289 2643 461 2726 superinde
486 2643 592 2706 eidem
627 2643 757 2705 Matheo
789 2643 894 2724 jurato
927 2657 972 2705 est
1005 2644 1096 2706 litera
1121 2646 1180 2705 sub
1212 2643 1366 2726 pendenti
1390 2643 1498 2726 sigillo

236 2749 476 2812 communitatis
503 2762 660 2812 emanata.

339 2873 417 2936 ltem
443 2872 604 2955 Georgius
628 2873 768 2956 agricola
794 2873 877 2936 lilius
902 2875 1056 2936 Demetrii
1081 2889 1112 2936 et
1136 2895 1191 2936 sua
1217 2893 1348 2936 consors
1372 2873 1497 2957 Marga-

234 2981 322 3043 retha
349 2981 510 3063 quandam
535 2995 652 3044 terram
680 2981 835 3042 arabilem
867 2981 1005 3043 condant
1032 2981 1232 3063 Margarethe
1264 2979 1408 3042 mulieris
1432 2979 1496 3044 filie

233 3088 371 3150 condam
401 3088 599 3170 sigismundi
625 3087 718 3168 jurati
744 3089 776 3149 in
809 3088 969 3149 territorio
994 3102 1024 3148 et
1048 3107 1163 3169 campo
1196 3087 1332 3150 civitatis
1356 3087 1497 3170 predicte

234 3196 315 3258 inter
339 3195 435 3256 aliam
458 3207 576 3256 terrant
601 3213 691 3256 suam
714 3194 851 3256 duarum
877 3194 1047 3272 dictarum,
1073 3195 1112 3255 ab
1130 3194 1263 3272 oriente,
1289 3207 1320 3256 et
1343 3194 1425 3257 inter
1441 3191 1500 3256 llu-

232 3305 321 3365 vium
346 3304 500 3388 Zawycza
525 3302 658 3382 dictum,
682 3323 700 3365 a
725 3302 915 3382 meridione,
940 3323 975 3364 ac
1000 3303 1082 3364 inter
1106 3303 1191 3364 viam
1216 3321 1434 3382 communem,
1458 3303 1498 3364 ab

233 3409 412 3488 occidente,
438 3429 585 3472 necnon
621 3409 702 3471 inter
726 3407 889 3490 quandam
915 3409 1029 3470 vallem
1063 3428 1119 3470 seu
1144 3421 1285 3471 meatum
1318 3427 1402 3490 aque
1425 3409 1497 3491 plu-

232 3516 327 3577 vialis
350 3516 611 3599 aseptemtrione
637 3516 753 3598 partim
782 3531 812 3578 et
829 3515 944 3598 partim
962 3518 1002 3577 ab
1019 3515 1142 3578 oriente
1166 3515 1319 3594 habitam,
1343 3515 1496 3577 tredecim

231 3623 283 3683 vel
311 3622 387 3684 citra
412 3621 514 3684 dietas
545 3635 628 3684 terre
661 3624 693 3684 in
729 3643 762 3684 se
793 3622 1025 3701 continentem,
1056 3641 1128 3684 cum
1154 3621 1219 3684 suis
1250 3621 1441 3684 utilitatibus
1466 3633 1497 3684 et

232 3729 444 3810 pertinenciis
481 3729 556 3811 ipsis
588 3749 646 3812 per
676 3729 852 3812 predictam
882 3729 1115 3810 Margaretham
1147 3728 1317 3790 mulierem
1349 3727 1497 3810 inpigno-

231 3847 331 3896 ratam
357 3854 415 3916 pro
440 3848 563 3916 septem
595 3833 664 3898 flor.
697 3835 776 3912 auti,
809 3848 840 3897 et
872 3847 943 3918 post
967 3835 1091 3896 obitum
1124 3833 1269 3896 eiusdem
1296 3833 1496 3914 Margarethe

231 3941 376 4003 mulieris
400 3961 438 4002 ex
454 3961 612 4004 consensu
633 3942 780 4003 omniunt
796 3961 929 4004 suorum
946 3941 1260 4021 consanguineorum
1286 3959 1344 4022 pro
1376 3937 1496 4001 eisdem

231 4061 353 4130 septem
371 4047 441 4109 flor.
459 4050 526 4109 auri
552 4047 768 4109 vendiderunt
787 4059 944 4130 perpetuo
970 4045 1196 4130 possidendam
1215 4059 1245 4107 et
1261 4044 1432 4128 superinde
1450 4058 1496 4107 est

230 4155 321 4217 litera
346 4156 405 4216 sub
431 4154 585 4236 pendenti
608 4154 716 4236 sigillo
741 4155 982 4216 communitatis
1006 4167 1162 4215 emanata.

339 4279 417 4342 Item
442 4279 595 4341 Nicolaus
619 4279 714 4360 judex
739 4277 824 4340 filius
848 4279 932 4340 Petri
950 4279 1105 4360 quasdam
1130 4279 1210 4339 duas
1226 4278 1383 4340 sessiones
1406 4274 1497 4356 joba-

231 4387 379 4468 gionales
402 4387 541 4448 condam
566 4386 727 4449 Leonardi
752 4385 972 4448 Theuthonici
990 4384 1047 4447 lilii
1074 4385 1205 4448 Henrici
1230 4383 1269 4446 de
1284 4384 1438 4464 Bswaria,
1463 4383 1494 4444 in

230 4492 392 4554 territorio
417 4492 555 4554 civitatis
578 4492 721 4574 predicte
745 4493 777 4554 in
810 4492 886 4554 villa
913 4492 1073 4574 Pobresya
1098 4511 1199 4573 prope
1223 4491 1364 4568 Zawam,
1397 4508 1494 4551 unam

231 4597 381 4660 videlicet
405 4599 487 4661 inter
511 4599 668 4660 sessiones
702 4598 816 4659 Vrsule
844 4597 908 4658 filie
941 4597 1078 4658 condam
1113 4596 1278 4658 Michaelis
1304 4595 1494 4674 Sebastiani,

231 4706 273 4766 ab
297 4705 429 4785 oriente,
455 4719 485 4766 et
510 4705 675 4766 Benedicti
700 4703 804 4766 fratria
840 4704 939 4787 ipsius
963 4703 1076 4765 Vrsule
1109 4703 1227 4786 puelle,
1262 4703 1301 4764 ab
1325 4701 1492 4764 occidente

231 4811 384 4890 habitam,
416 4826 446 4872 et
476 4809 571 4873 aliam
605 4811 686 4872 inter
710 4811 867 4872 sessiones
897 4809 1058 4870 Valentini
1092 4808 1314 4887 Merltadanth,
1347 4809 1386 4869 ab
1410 4806 1495 4868 occi·

231 4919 340 4997 dente,
364 4931 393 4980 et
418 4916 538 5000 prefate
563 4917 678 4979 Vrsule
712 4919 752 4979 ab
785 4917 907 4979 oriente
939 4917 1073 4993 habitas,
1099 4934 1170 4976 curn
1203 4914 1355 4975 omnibus
1379 4931 1489 4974 earum

232 5023 425 5086 utilitatibus
448 5039 478 5086 et
502 5024 708 5107 pertinenciis
731 5024 888 5085 universis
914 5022 1086 5084 Valentino
1108 5021 1210 5100 jurato
1235 5019 1302 5082 filio
1329 5018 1493 5080 Michaelis

1387 5185 1408 5242 4
