3816 5802
272 725 414 804 dentem,
447 725 553 787 eidem
586 725 762 787 Benedicto
797 725 889 788 aliter
920 725 1022 786 Bensa
1055 713 1169 787 vocato
1201 746 1259 808 pro
1290 730 1439 790 undecim
1465 729 1534 792 flor.

272 830 341 892 auri
366 831 511 893 vendidit
529 845 685 914 perpetuo
702 830 930 914 possidendam
948 845 979 894 et
995 831 1167 914 superinde
1192 847 1239 894 est
1261 833 1350 896 litera
1374 836 1433 896 sub
1458 855 1535 918 pen·

271 937 359 1000 denti
382 938 490 1019 sigillo
516 939 758 1000 communitatis
783 951 939 1005 emanata.

378 1044 454 1106 Item
480 1044 620 1126 quedam
646 1045 773 1122 domus,
799 1042 918 1106 fundus
931 1057 962 1106 et
979 1044 1132 1106 celarium
1156 1047 1400 1108 subterraneum
1425 1047 1532 1110 eidem

271 1147 384 1211 domui
410 1162 441 1212 et
465 1149 567 1213 fundo
591 1149 768 1230 subjacens,
793 1170 830 1210 ac
854 1169 925 1211 cum
951 1149 1107 1212 hedificiis
1132 1151 1163 1212 in
1189 1151 1272 1215 dicta
1297 1153 1424 1216 civitate
1454 1166 1535 1216 mter

271 1256 406 1318 domurn
432 1256 586 1320 Demetrii
611 1256 751 1334 sartoris,
775 1277 792 1318 a
818 1255 1008 1334 meridione,
1042 1277 1079 1318 ac
1104 1258 1187 1320 inter
1220 1259 1353 1320 domum
1380 1259 1535 1321 Johannis

270 1362 437 1443 carnificis,
462 1385 478 1426 a
504 1364 733 1446 septemtrione
758 1363 876 1441 habita,
901 1364 1043 1426 mediam
1068 1366 1189 1427 curiam
1215 1366 1254 1428 ad
1280 1386 1372 1429 usum
1397 1367 1534 1429 civitatis

270 1467 392 1550 prefate
417 1470 449 1531 in
473 1490 507 1532 se
538 1471 726 1548 continens,
759 1490 831 1532 cum
865 1470 1037 1532 medietate
1073 1471 1207 1533 cisterno
1240 1485 1335 1553 etque
1368 1472 1476 1536 cloace
1501 1473 1534 1534 in

270 1574 372 1638 fundo
397 1577 496 1658 ipsius
520 1577 674 1638 Demetrii
700 1577 830 1638 sartoris
865 1575 1047 1639 habitarum
1081 1592 1112 1640 et
1136 1579 1342 1661 pertinenciis
1366 1578 1533 1658 universis,

270 1701 366 1764 quam
393 1683 517 1746 Blasius
541 1697 630 1746 sutor
659 1682 744 1745 filius
775 1683 935 1746 Francisci
968 1685 1008 1746 ab
1042 1685 1121 1768 Elya
1147 1685 1251 1748 ludeo
1283 1683 1350 1748 hlio
1383 1686 1535 1768 Symonis

269 1788 449 1852 habitatore
473 1790 557 1852 dicte
582 1790 719 1852 civitatis
743 1810 802 1872 pro
834 1789 1023 1872 quindecim
1058 1790 1126 1855 flor.
1160 1792 1229 1854 auri
1254 1806 1534 1875 comparaverata

271 1896 419 1978 pluribus
443 1897 608 1960 retroactis
631 1897 849 1976 temporibus,
882 1896 985 1958 eidem
1013 1897 1119 1959 Blasio
1150 1898 1250 1960 sutori
1275 1899 1399 1960 concivi
1424 1912 1534 1961 nostro

270 2021 306 2063 ac
330 2021 388 2084 per
412 2023 484 2065 eum
510 2004 576 2064 suis
611 2002 783 2064 heredibus
815 2017 861 2064 est
893 2003 1136 2084 privilegialiter
1167 2001 1353 2067 confirmata
1377 2019 1533 2088 perpetuo

270 2108 475 2190 possidenda.
1450 2127 1453 2134 ·

377 2214 453 2276 ltem
479 2214 611 2277 domina
637 2215 812 2298 Elyzabeth
839 2233 918 2276 uxor
941 2215 1099 2296 legittima
1124 2215 1290 2278 Michaelis
1313 2214 1460 2298 pellihcis
1485 2215 1532 2296 ju·

269 2321 326 2383 rati
352 2322 451 2384 nostri
477 2323 623 2384 moderni
650 2336 746 2404 atque
765 2321 917 2399 concivis,
937 2321 1090 2403 (h)ortum
1108 2341 1201 2384 suum
1228 2323 1258 2384 in
1284 2322 1439 2384 suburbio
1456 2322 1531 2383 civi-

267 2427 341 2488 tatis
365 2428 447 2488 intcr
472 2429 538 2489 vias
563 2447 751 2490 communes
775 2427 931 2506 habitum,
956 2441 987 2488 et
1019 2429 1101 2490 inter
1125 2427 1277 2510 (h)ortum
1303 2427 1441 2490 condam
1468 2427 1532 2490 Do·

268 2533 378 2594 minici
404 2533 558 2596 faretrarii
585 2534 742 2613 habitum,
776 2553 848 2595 cum
880 2534 945 2594 suis
977 2534 1183 2616 pertinenciis
1214 2534 1359 2616 predicto
1384 2533 1531 2595 Michaeli

267 2639 395 2722 pellifici
421 2641 491 2702 viro
514 2660 573 2702 suo
598 2640 756 2721 legittimo
781 2640 914 2702 donavit
938 2653 1093 2722 perpetuo
1111 2641 1355 2723 possidendum,
1380 2640 1532 2722 idemque

268 2747 457 2810 Dominicus
480 2745 663 2810 feretrarius
688 2747 893 2808 medietatem
918 2747 1018 2829 ipsius
1047 2745 1156 2830 (hlorti
1181 2747 1229 2808 sui
1246 2748 1360 2810 eidem
1380 2747 1529 2808 Michaeli

266 2851 370 2934 jurato
395 2874 453 2938 pro
479 2867 619 2937 quatuor
643 2853 757 2916 marcis
781 2853 988 2914 denariorum
1013 2853 1160 2915 vendidit
1184 2867 1339 2936 perpetuo
1363 2852 1528 2935 possiden·

267 2961 353 3038 dam,
378 2975 409 3023 et
433 2962 507 3023 ideo
532 2963 599 3044 ipse
623 2961 731 3024 totalis
755 2959 892 3042 (h)ortus
912 2959 975 3042 jam
1000 2960 1150 3022 inunum
1176 2959 1366 3038 conjunctus
1390 2959 1449 3042 ipsi
1468 2959 1527 3019 Mi·

266 3067 368 3129 chaeli
393 3067 497 3148 jurato
521 3081 568 3130 est
591 3067 836 3150 privilegialiter
853 3063 1059 3129 confirmatus
1080 3068 1138 3128 sub
1156 3066 1263 3148 sigillo
1288 3065 1531 3127 communitatis

266 3176 326 3236 sub
349 3175 502 3257 pendenti
527 3174 719 3237 munimine.

375 3280 451 3342 ltem
477 3281 578 3342 Elene
601 3280 712 3342 relicta
736 3279 873 3342 condam
901 3279 1030 3362 Mathye
1047 3279 1179 3340 textoris
1202 3277 1300 3340 veluti
1325 3275 1382 3339 filii
1401 3276 1529 3340 Thome

267 3387 431 3469 quandam
457 3388 585 3450 vineam
610 3407 700 3448 suam
726 3387 757 3447 in
783 3387 944 3448 territorio
962 3385 1099 3448 civitatis
1123 3387 1205 3447 inter
1228 3383 1355 3446 vineam
1377 3385 1529 3446 Demetrii

266 3495 406 3576 agricole
431 3509 461 3556 et
486 3494 568 3556 inter
591 3493 704 3554 silvam
731 3493 861 3575 lvlathye
886 3493 1074 3574 carpentarii
1094 3492 1246 3570 habitam,
1267 3510 1339 3552 cum
1364 3491 1429 3554 suis
1447 3491 1530 3552 utili-

266 3603 385 3663 tatibus
411 3616 441 3664 et
472 3601 680 3685 pertinenciis
713 3601 869 3661 universis
903 3599 1047 3661 Fabiano
1081 3598 1262 3681 Panowych
1296 3617 1354 3680 pro
1379 3597 1528 3659 undecim

267 3707 336 3769 hor.
362 3707 430 3768 auri
454 3705 601 3768 vendidit
624 3719 780 3788 perpetuo
801 3705 1028 3788 possidendam
1051 3718 1081 3766 et
1098 3703 1269 3787 superinde
1286 3719 1332 3765 est
1355 3704 1446 3766 litera
1470 3706 1529 3765 sub

267 3814 418 3896 pendenti
443 3813 551 3894 sigillo
576 3813 816 3874 communitatis
844 3825 1000 3874 emanata.

373 3920 448 3982 ltem
474 3919 606 3982 domina
633 3919 833 4000 Margaretha
857 3918 966 3980 relicta
999 3919 1136 3979 condam
1162 3917 1276 3978 Briccii
1304 3917 1418 3997 judicis
1443 3917 1526 3978 dicta

266 4029 454 4110 Peronyssa,
486 4027 649 4110 quandam
682 4027 857 4088 stacionem
889 4044 979 4086 suam
1013 4038 1170 4086 muratam
1201 4024 1298 4086 simul
1328 4044 1402 4085 cum
1428 4022 1528 4086 fundo

266 4133 371 4196 eidem
401 4133 536 4195 stacioni
568 4145 690 4194 mutate
723 4132 782 4193 sub
815 4145 845 4193 et
876 4131 1054 4212 adjacenti,
1086 4150 1121 4192 ac
1153 4150 1224 4192 cum
1250 4127 1351 4192 fundo
1376 4145 1406 4191 et
1429 4129 1528 4191 domo

265 4257 350 4302 retro
375 4240 511 4302 eandem
543 4240 719 4300 stacionem
752 4251 908 4300 muratam
941 4238 1067 4316 habitis,
1104 4239 1135 4298 in
1170 4237 1254 4299 dicta
1287 4237 1414 4298 civitate
1447 4236 1528 4296 inter

265 4347 361 4408 aliam
393 4347 569 4408 stacionem
601 4365 691 4407 suum
726 4359 883 4406 muratam
915 4346 955 4406 ab
996 4344 1161 4406 occidente
1193 4343 1353 4420 habitam,
1386 4355 1416 4404 et
1447 4341 1528 4402 inter

265 4450 382 4515 londos
406 4453 548 4514 eiusdem
576 4452 708 4512 domine
727 4451 938 4532 Margarethe,
962 4453 1001 4512 ab
1019 4449 1185 4513 occidente
1203 4464 1233 4510 et
1257 4469 1275 4510 a
1298 4447 1527 4530 septemtrione

266 4561 390 4622 habitos
413 4561 506 4623 sitam
531 4573 560 4622 et
585 4560 783 4636 existentem,
808 4577 905 4620 unam
930 4571 1075 4639 quartam
1097 4569 1127 4618 et
1151 4569 1296 4617 octavam
1322 4554 1407 4615 curie
1433 4553 1465 4615 in
1493 4573 1526 4616 se

266 4668 499 4746 continentem,
524 4685 595 4728 cum
622 4667 687 4727 suis
704 4665 897 4726 utilitatibus
921 4679 952 4725 et
969 4663 1175 4747 pertinenciis
1200 4661 1366 4738 universis,
1391 4659 1527 4721 Nicolao

265 4775 376 4835 sartori
401 4771 470 4835 filio
494 4771 643 4834 Damiani
669 4771 708 4832 de
736 4771 965 4855 Hrussewycza
999 4784 1029 4832 et
1054 4768 1255 4851 Margarethe
1280 4767 1345 4829 filie
1370 4765 1527 4828 Johannis

265 4880 321 4942 filii
347 4882 394 4942 sui
420 4881 553 4942 donavit
576 4893 732 4961 perpetuo
750 4877 975 4960 possidendam
1016 4891 1046 4938 et
1078 4875 1248 4959 superinde
1274 4888 1320 4937 est
1344 4875 1434 4936 litera
1468 4875 1527 4936 sub

264 4989 416 5072 pendenti
452 4987 559 5069 sigillo
584 4986 824 5048 communitatis
849 4999 1005 5048 emanata.
