3816 5802
266 637 1199 646 -Ὴ--μ-*ῇ-

262 744 443 808 Jelenowcz
468 758 580 806 vocate
604 759 635 806 et
659 745 817 806 silvarum
841 762 897 804 seu
928 742 1143 822 virgultorum
1170 743 1274 804 eidem
1299 745 1358 804 sub
1383 757 1414 806 et
1438 743 1523 824 adja-

261 851 419 929 cencium,
443 850 632 933 porcionem
656 850 780 912 scilicet
804 849 904 931 ipsius
928 849 1061 911 domine
1089 849 1253 911 Dorothee
1278 850 1435 912 consortis
1458 870 1525 928 sue,

261 977 278 1019 a
302 957 482 1019 meridione
506 956 648 1018 habitam
666 976 723 1018 seu
747 977 764 1018 a
791 969 882 1038 parte
899 955 1052 1016 silvarum
1071 955 1167 1016 Blasii
1193 953 1308 1035 judicis
1332 956 1435 1036 sitam,
1453 977 1525 1018 cunt

260 1064 326 1124 suis
350 1063 558 1146 pertinenciis
581 1077 612 1124 et
636 1063 729 1124 metis
762 1063 794 1124 in
826 1062 919 1124 litera
951 1062 1145 1144 privilegiali
1177 1062 1350 1144 superinde
1382 1062 1526 1125 conlecta

260 1169 430 1249 contentis,
454 1169 561 1231 eidem
587 1169 693 1230 Blasio
725 1167 823 1250 judici
849 1188 907 1250 pro
940 1187 1057 1230 novem
1090 1167 1159 1230 flor.
1193 1169 1260 1230 auri
1288 1168 1433 1230 vendidit
1456 1189 1527 1251 per·.

260 1290 357 1360 petuo
381 1276 612 1360 possidendam
638 1289 668 1338 et
684 1276 857 1359 superinde
881 1290 927 1338 est
951 1275 1041 1338 litera
1059 1278 1118 1338 sub
1136 1275 1290 1358 pendenti
1314 1275 1421 1357 sigillo
1438 1295 1525 1337 corn-

260 1383 425 1448 munitatis
449 1396 609 1445 emanata.

366 1489 444 1552 ltem
470 1489 590 1550 Paulus
615 1503 646 1552 et
663 1488 854 1551 Valentinus
871 1487 988 1550 literati
1006 1485 1062 1550 filii
1082 1489 1165 1550 Petri
1185 1487 1331 1570 Hungari
1348 1487 1405 1550 lilii
1424 1489 1525 1568 Pauli,

259 1596 422 1678 quandam
446 1595 559 1656 silvam
584 1614 696 1658 eorum
723 1595 756 1656 in
781 1595 943 1656 territorio
977 1608 1086 1656 nostro
1112 1595 1192 1656 inter
1217 1594 1329 1656 silvam
1356 1595 1452 1656 Blasii
1477 1595 1525 1676 ju·

259 1702 338 1763 dicis
362 1701 533 1785 prenotati,
557 1721 613 1785 per
638 1713 739 1764 metas
764 1701 795 1762 in
819 1701 909 1762 litera
935 1701 1129 1782 privilegiali
1153 1702 1212 1763 sub
1236 1701 1389 1784 pendenti
1414 1701 1522 1783 sigillo

259 1807 501 1870 communitatis
532 1807 704 1890 superinde
729 1805 874 1870 coniecta
905 1821 1070 1870 contentas
1101 1808 1214 1887 sitam,
1238 1823 1268 1870 et
1300 1809 1382 1870 inter
1405 1807 1518 1869 silvam

258 1913 434 1976 liberorum
458 1913 597 1976 condam
616 1914 770 1997 Stephani
788 1913 937 1997 lapicide,
962 1916 1021 1976 sub
1038 1915 1200 1997 prioribus
1216 1929 1247 1977 et
1271 1913 1411 1995 antiquis
1429 1915 1521 1976 metis

259 2019 414 2099 habitam,
437 2041 474 2082 ex
507 2039 666 2083 consensu
698 2020 878 2082 vicinorum
912 2019 1130 2103 predictorum
1162 2021 1302 2082 Martino
1327 2019 1424 2102 judici
1457 2019 1523 2081 filio

259 2127 388 2190 Thome
412 2147 471 2210 pro
495 2127 607 2191 decem
632 2142 662 2189 et
686 2141 809 2210 septem
827 2147 900 2188 cum
923 2127 1031 2188 medio
1049 2126 1119 2190 flor.
1137 2127 1351 2189 vendiderunt
1368 2141 1522 2209 perpetuo

258 2233 487 2316 possidendam
511 2247 542 2297 et
566 2235 739 2317 superinde
764 2247 811 2296 est
835 2233 926 2296 litera
950 2235 1009 2296 sub
1032 2234 1186 2316 pendenti
1211 2233 1318 2315 sigillo
1344 2233 1522 2296 communi·

257 2340 330 2402 tatis
355 2353 512 2404 emanata.

363 2445 441 2508 Item
467 2445 649 2528 Stephanus
673 2444 813 2508 carnifex
838 2446 942 2507 dictus
969 2446 1079 2528 Zayko
1107 2444 1192 2507 filius
1217 2446 1327 2508 Macen
1353 2458 1384 2506 et
1409 2445 1521 2527 Elyza·

258 2553 333 2614 beth
358 2553 468 2614 relicta
494 2552 633 2614 Emetici
659 2553 760 2635 parvi,
784 2573 915 2614 consors
932 2553 1087 2634 legittima
1112 2551 1256 2614 eiusdem
1283 2551 1436 2633 Stephani
1455 2571 1520 2612 car·

258 2657 370 2737 nificis,
396 2659 427 2720 in
452 2678 589 2741 persona
614 2658 768 2740 Stephani
797 2657 854 2720 filii
887 2659 1033 2721 eiusdem
1059 2659 1197 2721 Emerici
1231 2658 1331 2740 parvi,
1356 2657 1518 2739 quandam

258 2765 385 2828 vineam
409 2765 668 2828 condicionalem
693 2785 806 2828 eorum
832 2767 864 2826 in
886 2765 1047 2828 territorio
1065 2779 1174 2827 nostro
1198 2764 1414 2827 condicionali
1440 2763 1522 2825 inter

257 2871 367 2934 vineas
390 2871 538 2934 similiter
562 2871 803 2934 condicionales
821 2873 998 2934 liberorum
1025 2873 1162 2934 condam
1182 2869 1312 2953 Georgii
1332 2871 1519 2953 carpentarii

257 2997 293 3039 ac
319 2979 401 3040 Petri
433 2979 565 3040 cultoris
597 2979 738 3040 habitam
772 2991 803 3041 et
835 2979 1043 3058 existentem,
1068 2979 1205 3060 desuper
1238 2977 1330 3040 avia
1354 2977 1520 3038 communi

258 3083 339 3146 inira
363 3095 465 3167 usque
489 3085 641 3162 rivulum,
665 3105 737 3148 cum
768 3087 908 3168 virgulto
942 3085 1046 3147 eidem
1072 3086 1165 3148 vinee
1197 3085 1374 3167 subjacenti
1410 3105 1442 3146 se
1468 3105 1519 3146 er·

258 3191 453 3270 tendentem,
478 3211 550 3254 cum
575 3193 641 3254 suis
665 3193 871 3275 pertinenciis
896 3207 927 3254 et
954 3213 1027 3256 cum
1059 3191 1284 3276 persolucione
1308 3192 1386 3253 sexti
1411 3191 1520 3254 cubuli

257 3298 323 3359 vini
336 3299 412 3360 novi
426 3301 457 3361 in
475 3299 734 3362 vindemiacione
753 3319 887 3362 uvarum
904 3299 1128 3362 communitati
1141 3297 1371 3382 proveniendo,
1390 3297 1519 3360 Thome

216 3389 228 3415 ‘
256 3407 386 3487 preconi
413 3404 481 3468 filio
506 3405 626 3468 Vrbani
644 3407 835 3489 carpentarii
861 3407 900 3467 de
919 3406 1073 3468 Monozlo
1091 3425 1149 3488 pro
1167 3405 1339 3468 duodecim
1365 3402 1433 3466 flor.
1451 3405 1519 3465 auri

258 3511 472 3574 vendiderunt
495 3527 651 3595 perpetuo
676 3513 904 3596 possidendam
929 3526 959 3574 et
983 3512 1155 3595 superinde
1173 3525 1219 3573 est
1243 3512 1334 3573 litera
1358 3511 1417 3571 sub
1442 3529 1518 3591 pen-

259 3617 346 3679 denti
371 3619 480 3700 sigillo
504 3620 745 3682 communitatis
769 3633 926 3682 emanata.

361 3724 439 3787 Item
465 3725 631 3788 Emericus
655 3725 740 3788 filius
764 3726 888 3788 Nicolai
913 3726 1152 3788 commissarius
1176 3725 1355 3788 testamenti
1381 3725 1517 3786 condam

258 3831 410 3892 Anthonii
454 3830 755 3915 Chestnyltowych,
798 3833 960 3914 quandam
998 3832 1131 3894 domum
1176 3831 1320 3893 eiusdem
1362 3830 1518 3892 Anthonii

257 3934 536 4023 Clrestnyltowycb
561 3939 644 4002 inter
679 3940 794 4001 domos
826 3939 1002 4000 liberorum
1036 3939 1164 4022 Mathye
1199 3937 1337 4020 Phylech
1370 3951 1400 3999 et
1433 3939 1517 4000 leuce

255 4041 394 4123 agricole
417 4045 522 4122 sitam,
546 4045 686 4107 mediam
713 4045 833 4106 curiam
861 4045 891 4106 in
916 4064 949 4106 se
982 4044 1166 4124 habentem,
1192 4045 1341 4106 Michaeli
1367 4042 1516 4126 lrenipari

254 4147 320 4210 filio
346 4148 475 4211 Thome
511 4169 570 4233 pro
605 4150 719 4232 viginti
756 4151 825 4213 flor.
863 4151 1008 4212 vendidit
1043 4165 1199 4234 perpetuo
1236 4149 1462 4233 possidendam
1488 4165 1518 4212 et

254 4255 426 4338 superinde
451 4271 496 4319 est
519 4257 610 4318 litera
635 4259 694 4318 sub
719 4258 872 4340 pendenti
897 4257 1004 4338 sigillo
1034 4257 1275 4319 communitatis
1299 4269 1456 4319 emanata.

358 4359 437 4423 ltem
463 4362 644 4445 Stephanus
668 4363 807 4444 agricola
832 4361 917 4424 filius
935 4363 1017 4425 Petri
1042 4363 1205 4444 quandam
1236 4363 1370 4424 domum
1397 4377 1426 4422 et
1445 4359 1516 4423 fun·

254 4465 329 4528 dum
355 4487 448 4528 suum
475 4468 506 4529 in
532 4469 614 4531 dicta
634 4470 761 4531 civitate
780 4471 861 4530 inter
879 4469 994 4531 domos
1011 4483 1042 4531 et
1066 4468 1183 4530 fundos
1202 4469 1330 4530 Thorne
1348 4487 1516 4550 campana·

253 4572 328 4634 totis
353 4573 452 4635 nostri
478 4575 671 4654 communis,
696 4577 735 4637 ab
760 4597 823 4636 una
848 4591 947 4658 parte,
973 4591 1003 4637 et
1021 4575 1112 4637 Pauli
1137 4575 1213 4636 dicti
1242 4574 1383 4656 Babych,
1407 4575 1446 4634 ab
1471 4574 1515 4634 al·

253 4692 317 4742 tera
342 4693 430 4762 parte
457 4681 609 4762 habitam,
634 4703 732 4745 unam
760 4683 986 4746 tantummodo
1017 4697 1164 4766 quartam
1189 4682 1275 4743 curie
1302 4682 1331 4742 in
1357 4701 1390 4742 se
1415 4682 1512 4742 conti·

254 4801 394 4865 nentem,
420 4787 563 4870 Georgio
587 4789 653 4852 filio
672 4789 850 4853 Clementis
875 4791 1044 4874 Birowych
1069 4791 1168 4852 sutori
1187 4808 1244 4872 pro
1269 4807 1334 4848 uno
1359 4786 1428 4848 flor.
1447 4787 1514 4847 auri

254 4895 397 4957 vendidit
421 4911 577 4979 perpetuo
602 4899 827 4980 possidendam
847 4913 877 4960 et
902 4898 1073 4980 superinde
1099 4910 1145 4958 est
1163 4897 1253 4958 litera
1278 4896 1337 4956 sub
1362 4893 1514 4976 pendenti

255 5001 361 5081 sigillo
386 5005 625 5065 communitatis
649 5019 807 5067 emanata.
