3854 5798
385 424 446 486 282
916 429 1002 486 Auno
1025 437 1117 506 1470.

384 637 513 714 dentes;
547 639 623 700 item
655 638 793 718 quedam
819 653 900 700 terra
933 639 1063 700 arabilis
1095 641 1126 702 in
1152 640 1268 701 eodem
1293 660 1410 722 campo
1434 655 1465 702 et
1487 640 1652 702 territorio

384 745 465 806 inter
498 760 595 806 terras
627 743 795 826 hospitalis
827 746 926 807 nostri
961 747 1143 808 communis
1175 747 1206 807 in
1240 747 1354 809 eadem
1385 747 1513 810 civitate
1538 747 1652 826 habiti,

384 870 401 911 a
434 865 522 932 parte
554 851 765 928 occidentali,
797 865 828 912 et
861 852 942 913 inter
978 851 1112 914 fluvium
1145 851 1184 914 de
1213 853 1378 915 montibus
1413 854 1558 936 Zetnyak
1594 873 1651 915 vo·

384 957 461 1018 catis
492 957 725 1035 decurrentem,
749 957 828 1019 duas
856 957 957 1019 dietas
1001 972 1083 1022 terre
1108 959 1140 1020 in
1173 980 1206 1022 se
1235 960 1421 1036 continens;
1446 960 1522 1023 item
1548 960 1649 1022 eciam

384 1066 494 1146 porcio
526 1065 691 1126 cuiusdam
733 1078 815 1126 terre
847 1065 976 1126 arabilis
1012 1065 1044 1126 in
1081 1085 1195 1148 campo
1233 1067 1315 1128 inter
1349 1081 1448 1128 terras
1486 1066 1649 1128 colendini

383 1171 605 1250 sacerdotum,
637 1192 652 1231 a
686 1171 890 1232 meridionali
924 1185 1030 1254 parte,
1063 1187 1107 1246 et,
1129 1174 1211 1234 inter
1241 1187 1358 1235 terram
1392 1174 1546 1236 arabilem
1578 1193 1650 1255 pre·

384 1277 438 1338 fati
472 1278 636 1340 Benedicti
660 1279 800 1356 sartoris,
833 1299 850 1338 a
875 1293 963 1360 parte
995 1279 1199 1358 occidentali,
1224 1293 1255 1340 et
1279 1280 1361 1341 inter
1394 1280 1479 1342 viam
1504 1299 1649 1342 commu-

384 1403 457 1446 nem
482 1405 499 1444 a
524 1384 763 1466 septemtrione,
787 1399 818 1446 et
842 1385 924 1446 inter
947 1400 1062 1447 tetram
1092 1384 1205 1468 prelati
1239 1385 1406 1468 hospitalis
1438 1387 1536 1448 nostri
1562 1405 1648 1448 com-

384 1491 500 1569 munis,
532 1493 571 1552 ab
603 1491 725 1552 oriente
756 1490 863 1552 habita
896 1505 926 1552 et
957 1492 1118 1571 existens,
1149 1492 1261 1574 porcio
1294 1505 1329 1554 ut
1359 1492 1475 1554 dicitur
1506 1491 1647 1574 quedam

385 1596 483 1678 ipsius
507 1611 589 1658 terre
613 1596 743 1658 arabilis
767 1617 783 1658 a
806 1597 892 1658 dicto
911 1598 1078 1660 occidente
1102 1617 1200 1660 unam
1217 1617 1290 1660 cum
1308 1598 1414 1660 media
1439 1597 1541 1661 dietas
1564 1611 1650 1660 terre

385 1701 416 1761 in
441 1721 474 1763 se
499 1703 684 1777 continens;
710 1702 786 1763 itern
811 1717 923 1784 quarta
948 1723 1020 1786 pars
1040 1701 1148 1766 senilis
1172 1703 1306 1786 predicti
1333 1703 1471 1766 condam
1497 1703 1649 1788 Symonis

384 1809 481 1890 patris
506 1809 647 1891 ipsorum
674 1809 705 1869 in
731 1828 846 1891 catnpo
868 1809 951 1871 dicte
969 1811 1106 1872 civitatis
1122 1811 1204 1872 inter
1222 1824 1321 1871 terras
1337 1822 1444 1871 nostre
1470 1809 1649 1870 communi-

383 1917 455 1978 tatis
479 1919 518 1978 ab
543 1917 678 1994 oriente,
703 1931 815 1997 quarta
840 1937 912 1998 pars
937 1917 1035 1999 ipsius
1059 1916 1166 1978 senilis
1195 1917 1292 1978 simul
1316 1936 1388 1978 cum
1414 1916 1567 1978 omnibus
1590 1915 1649 1976 eis·

384 2023 456 2084 dern
483 2023 739 2105 possessionibus
767 2023 959 2106 supradietis
991 2025 1051 2107 ipsi
1084 2024 1246 2087 Clementi
1280 2023 1430 2085 benivole
1462 2021 1650 2104 acceptanti.

384 2129 461 2190 ltem
487 2129 575 2210 quod
601 2128 712 2210 prelati
732 2129 877 2191 Andreas
902 2146 932 2192 et
950 2128 1126 2212 Gregorius
1141 2129 1200 2192 filii
1219 2130 1318 2212 ipsius
1341 2129 1477 2191 condam
1497 2128 1648 2211 Symonis

382 2236 497 2297 totales
514 2237 682 2317 porciones
706 2255 817 2296 eorum
836 2237 868 2296 in
893 2237 1032 2318 quadam
1050 2253 1131 2298 terta
1156 2237 1270 2298 arabili
1287 2237 1319 2297 in
1336 2237 1410 2298 loco
1435 2235 1647 2318 Chyrkwyste

384 2357 499 2404 vocato
524 2342 606 2402 inter
630 2358 745 2403 terram
778 2343 913 2423 Agnetis
945 2344 1036 2404 aliter
1065 2343 1198 2428 Chayka
1230 2357 1340 2404 vocate
1374 2343 1483 2404 relicte
1509 2341 1647 2404 condam

386 2447 547 2509 Dominici
573 2449 648 2510 dicti
675 2447 888 2530 Marsethych,
913 2450 953 2510 ab
988 2450 1166 2527 occidente,
1192 2449 1337 2531 quinque
1367 2449 1419 2510 vel
1443 2452 1519 2510 citra
1544 2447 1647 2509 dietas

383 2570 465 2619 terre
490 2557 521 2617 in
546 2577 579 2617 se
603 2557 815 2634 continentes,
833 2555 955 2637 prefato
974 2557 1133 2620 Clementi
1159 2556 1272 2618 sartori
1291 2557 1323 2617 in
1341 2555 1454 2616 eadem
1478 2569 1560 2616 terra
1577 2573 1647 2616 ara·

385 2663 440 2724 bili
465 2663 611 2724 similiter
635 2663 821 2744 porcionem
860 2663 988 2725 habenti
1014 2663 1171 2725 dederunt
1195 2677 1226 2724 et
1249 2661 1455 2724 contulerunt
1487 2675 1647 2744 perpetuo

384 2769 622 2852 possidendam.

491 2876 588 2949 Quod
612 2876 767 2958 providus
791 2877 839 2936 vir
863 2874 1023 2956 Georgius
1044 2873 1183 2936 carnifex
1201 2873 1287 2936 filius
1311 2875 1477 2938 Benedicti
1501 2873 1558 2936 filii
1584 2874 1647 2935 Da-

384 2983 483 3043 miani
501 2983 579 3043 olim
598 2983 739 3044 concivis
764 2983 873 3060 nostri,
891 2981 1033 3043 concivis
1050 2997 1167 3060 noster,
1184 2980 1330 3042 vendidit
1346 2981 1500 3042 directam
1524 2979 1647 3042 medie·

383 3100 480 3150 tatem
506 3089 623 3149 domus
647 3108 701 3149 sue
728 3089 758 3149 in
785 3089 868 3149 dicta
893 3089 1021 3150 civitate
1039 3107 1074 3150 ac
1099 3089 1181 3149 inter
1205 3087 1340 3149 domum
1357 3101 1388 3150 et
1405 3085 1542 3148 fundum
1562 3085 1645 3147 Petri

384 3195 483 3256 villici
507 3194 547 3256 de
574 3195 715 3277 Dedych,
741 3195 881 3256 concivis
906 3195 1017 3274 nostri,
1041 3216 1059 3256 a
1083 3195 1323 3277 septemtrione,
1348 3208 1379 3256 et
1403 3195 1485 3256 inter
1508 3193 1643 3255 domum

385 3317 415 3362 et
440 3300 575 3363 fundum
601 3302 730 3364 Thome
755 3301 923 3384 freniparis
944 3301 1119 3386 Selesnyak
1144 3302 1231 3380 dicti,
1256 3302 1439 3363 concivium
1452 3315 1646 3380 nostrorum,

384 3429 400 3470 a
426 3422 514 3491 parte
539 3409 744 3471 meridionali
770 3409 923 3487 habitam,
959 3409 1055 3470 simul
1088 3428 1161 3470 curn
1193 3408 1365 3470 medietate
1392 3407 1499 3469 celarii
1523 3408 1647 3470 subter-

385 3517 483 3594 ranei,
508 3517 648 3578 mediam
674 3517 705 3577 in
729 3530 799 3578 toto
824 3515 944 3576 curiam
970 3515 1009 3576 ad
1035 3535 1127 3577 usum
1161 3515 1246 3577 dicte
1271 3515 1406 3576 civitatis
1430 3515 1463 3575 in
1487 3534 1520 3576 se
1545 3515 1647 3576 conti·

385 3638 525 3701 nentem,
551 3624 656 3705 ipsum
691 3621 870 3704 Georgium
903 3636 974 3704 post
1006 3623 1130 3683 obitum
1163 3619 1277 3703 prelati
1311 3619 1448 3682 condam
1481 3620 1646 3683 Benedicti

385 3729 554 3810 patrissui
580 3729 646 3810 jure
674 3728 867 3790 hereditario
897 3741 1156 3805 concernentem,
1188 3726 1325 3808 provido
1355 3727 1426 3788 viro
1451 3726 1571 3788 Mathie
1595 3747 1645 3788 su·

386 3837 446 3896 tori
473 3835 693 3920 Scrobothych
719 3835 815 3914 dicto,
840 3834 964 3896 concivi
990 3848 1110 3912 nostro,
1135 3853 1171 3894 ac
1203 3853 1259 3916 per
1282 3853 1356 3894 eutn
1386 3833 1451 3894 suis
1475 3833 1647 3895 heredibus

384 3963 442 4025 pro
466 3944 567 4004 tribus
592 3957 622 4004 et
646 3943 753 4004 medio
779 3941 848 4006 flor.
873 3941 939 4002 auri
964 3940 1111 4003 vendidit
1133 3940 1201 4022 jure
1225 3954 1381 4023 perpetuo
1405 3939 1647 4021 possidendam,

385 4069 481 4111 unam
507 4050 655 4111 similiter
678 4063 823 4130 quartam
849 4048 880 4109 in
905 4067 938 4108 se
963 4047 1145 4110 habentem.

492 4155 567 4216 ltetn
593 4156 668 4236 quia
692 4152 833 4237 prefatus
858 4151 1018 4234 Georgius
1042 4153 1188 4215 vendidit
1211 4153 1307 4215 aliam
1332 4153 1538 4214 medietatem
1563 4151 1646 4212 dicte

384 4263 491 4325 totalis
516 4262 631 4323 domus
654 4276 684 4323 et
709 4261 931 4323 hedificiorum
957 4259 1063 4321 medie
1088 4258 1175 4322 curie
1204 4279 1300 4321 unam
1326 4259 1476 4320 videlicet
1499 4271 1645 4339 quartam

385 4370 416 4430 in
442 4389 475 4430 se
492 4369 676 4446 habentem,
701 4369 769 4430 viro
786 4368 923 4451 provido
948 4368 1042 4429 Petro
1059 4368 1199 4447 agricole
1216 4367 1340 4428 sororio
1364 4365 1491 4448 providi
1508 4365 1648 4426 condam

385 4475 444 4536 viri
458 4475 583 4556 providi
602 4475 729 4536 Thorne
744 4475 889 4557 Chyczar
914 4474 1045 4535 devilia
1071 4475 1306 4535 Marcusowecz
1330 4485 1364 4533 ut
1381 4471 1444 4552 iarn
1461 4489 1547 4532 novo
1571 4489 1647 4531 con-

386 4583 447 4644 civi
473 4596 581 4642 nostro
605 4596 637 4643 et
660 4602 716 4664 per
740 4601 813 4642 eum
838 4581 903 4642 suis
927 4581 1099 4642 heredibus
1115 4580 1261 4641 similiter
1284 4599 1343 4660 pro
1360 4578 1461 4640 tribus
1485 4591 1516 4638 et
1539 4576 1648 4638 medio

386 4689 454 4752 flor.
481 4689 548 4750 auri
573 4689 641 4770 jure
665 4703 820 4771 perpetuo
845 4688 991 4750 vendidit
1014 4703 1045 4749 et
1069 4686 1214 4748 eontulit.

491 4795 568 4856 ltent
595 4797 669 4877 quia
698 4796 851 4877 providus
881 4796 929 4856 vir
961 4793 1145 4856 Anthonius
1175 4805 1264 4854 sutor
1295 4793 1521 4873 Nekerscenyk
1546 4790 1650 4852 dictus

383 4921 419 4962 ac
436 4901 569 4983 provida
587 4902 702 4962 mulier
719 4901 891 4964 Katherina
909 4915 1019 4963 vocata
1037 4919 1168 4962 consors
1184 4897 1327 4961 eiusdem
1346 4897 1500 4960 Anthonii
1518 4897 1649 4976 sutoris,
