3832 5804
781 543 985 625 Ann01458.
1458 545 1512 608 181

253 759 392 821 Barbare
424 761 568 824 mulieris
591 761 744 838 habitam,
769 760 910 822 mediam
935 761 1055 822 curiam
1080 761 1120 822 ad
1145 779 1238 822 usum
1263 761 1398 824 civitatis
1430 763 1463 824 in
1483 783 1516 826 se

252 867 481 944 continentem,
514 888 531 928 a
557 868 700 930 Seboldo
734 870 843 952 Mayar
868 887 926 950 pro
957 881 1030 928 octo
1062 867 1169 950 pensis
1200 867 1406 930 denariorum
1439 871 1516 932 emit

251 990 407 1054 perpetuo
441 973 668 1055 possidendam
694 987 725 1036 et
748 973 921 1056 superinde
946 987 993 1036 est
1015 973 1076 1035 sibi
1101 975 1190 1035 litera
1212 974 1270 1035 sub
1295 974 1448 1056 pendenti
1473 977 1514 1037 si·

250 1079 330 1160 gillo
355 1082 595 1142 communitatis
619 1095 777 1144 emanata.

357 1205 436 1267 ltem
462 1207 587 1268 Marcus
624 1205 763 1268 carnifex
796 1205 881 1268 filius
912 1206 1049 1268 condam
1084 1204 1215 1287 Gyurak
1247 1204 1402 1268 carnificis
1434 1207 1512 1269 emit

255 1312 461 1374 medietatem
488 1313 654 1375 cuiusdam
681 1313 797 1374 domus
815 1327 846 1374 et
869 1311 961 1374 fundi
986 1332 1022 1374 ac
1039 1312 1148 1374 celarii
1172 1313 1371 1374 subterranei
1396 1333 1432 1374 ac
1449 1313 1515 1374 edi-

250 1415 397 1480 ficiorum
422 1419 453 1479 in
479 1420 566 1481 dicta
592 1419 719 1481 civitate
737 1420 819 1480 inter
844 1419 978 1480 domum
996 1419 1170 1481 liberorum
1196 1419 1334 1480 condam
1359 1419 1514 1481 Anthonii

250 1524 472 1608 loffanowych
497 1539 527 1587 et
551 1526 680 1587 Andree
708 1525 801 1606 jurati
826 1523 884 1586 lilii
911 1525 1062 1608 Symonis
1087 1524 1206 1604 habite,
1232 1545 1329 1587 unam
1355 1525 1512 1608 integram

250 1633 371 1693 curiam
397 1632 436 1693 ad
462 1651 555 1693 usum
581 1633 717 1694 civitatis
734 1629 853 1713 prefate
872 1632 903 1692 in
928 1651 961 1693 se
979 1631 1183 1710 continentis,
1200 1651 1217 1692 a
1236 1631 1365 1714 Mathya
1389 1633 1511 1694 Kerzo·

249 1740 361 1821 waycb
386 1753 416 1800 et
440 1759 457 1800 a
483 1739 589 1800 Blasio
612 1737 680 1800 filio
705 1739 842 1800 condam
860 1738 989 1800 Andree
1003 1738 1042 1798 de
1060 1737 1209 1799 Zanabor
1232 1738 1308 1800 dicti
1333 1739 1442 1821 Zayko
1459 1759 1467 1816 ;
1485 1752 1516 1801 et

249 1845 345 1906 aliam
371 1845 576 1906 medietatem
602 1843 744 1906 eiusdem
763 1844 880 1907 domus
904 1859 935 1907 et
959 1843 1050 1905 fundi
1075 1864 1111 1906 ac
1128 1843 1235 1906 celarii
1261 1845 1459 1906 subterranei
1477 1865 1513 1907 ac

250 1949 450 2012 edificiorum
476 1951 553 2012 emit
577 1971 594 2012 a
619 1951 846 2012 commissariis
863 1950 1002 2012 condam
1019 1950 1143 2012 domini
1161 1949 1290 2012 Thome
1307 1951 1512 2032 prebendarii

250 2077 308 2140 pro
332 2072 417 2121 certa
441 2057 650 2139 pecuniarum
676 2058 852 2139 quantitate
870 2073 1026 2140 perpetuo
1044 2057 1270 2140 possidendam
1284 2073 1316 2120 et
1337 2059 1509 2140 superinde

249 2179 294 2226 est
317 2165 407 2226 litera
432 2165 492 2226 sibi
517 2165 576 2225 sub
607 2164 761 2245 pendenti
792 2164 899 2246 sigillo
932 2164 1172 2226 communitatis
1195 2181 1353 2229 emanata.

353 2289 430 2350 ltem
449 2288 609 2370 Georgius
633 2286 722 2350 faber
739 2287 824 2349 lilius
840 2289 1002 2350 Valentini
1027 2289 1172 2351 vendidit
1196 2290 1358 2371 quandam
1383 2291 1511 2354 vineam

249 2396 385 2457 condam
412 2394 555 2478 Gurgye,
580 2395 662 2457 inter
694 2396 821 2456 vineam
855 2395 984 2457 Martini
1017 2397 1146 2457 sartoris
1177 2410 1208 2458 et
1238 2396 1352 2458 silvam
1378 2397 1508 2479 Mathye

248 2499 403 2564 carnificis
434 2501 596 2580 habitam,
629 2521 691 2583 que
725 2501 862 2563 condam
895 2501 1032 2584 Konych
1065 2501 1193 2564 Thorne
1225 2500 1353 2585 prefuit,
1385 2502 1509 2586 prefato

248 2609 386 2670 Martino
410 2607 514 2688 jurato
538 2629 597 2691 pro
622 2609 867 2689 quatuordecim
891 2608 960 2670 flor.
993 2609 1061 2670 auri
1086 2608 1231 2670 vendidit
1256 2623 1410 2691 perpetuo
1434 2630 1508 2692 pos·

247 2716 414 2776 sideudam
439 2729 470 2776 et
486 2715 658 2798 superinde
676 2715 735 2776 sibi
754 2716 825 2797 (est)
847 2716 938 2777 litera
955 2717 1014 2776 sub
1031 2715 1185 2798 pendenti
1206 2715 1313 2796 sigillo
1331 2718 1511 2780 communi·

247 2836 318 2883 tans
342 2835 500 2885 emanata.

352 2947 427 3009 ltem
455 2947 631 3030 Gregorius
649 2948 810 3009 colorator
834 2967 1015 3030 pannorum
1032 2947 1206 3029 quemdam
1231 2945 1391 3030 (b)0rtum
1416 2969 1509 3010 suurn

247 3055 278 3115 in
304 3055 459 3116 suburbio
484 3055 620 3116 civitatis
647 3055 728 3115 inter
751 3054 903 3136 (b)0rtum
937 3054 1038 3116 Eleue
1070 3056 1179 3117 relicte
1213 3056 1351 3117 condam
1376 3052 1510 3136 Georgii

246 3161 399 3222 Wolkow
424 3175 454 3222 et
478 3161 560 3222 inter
577 3161 732 3244 (b)0rtum
751 3161 849 3222 Marci
868 3160 1181 3246 Chawschakowych
1199 3161 1356 3240 habitum,
1374 3162 1509 3222 Nicolao

245 3267 343 3348 judici
368 3267 436 3329 filio
461 3267 616 3330 Demetrii
642 3289 679 3330 ac
703 3287 759 3350 per
785 3287 857 3329 eutn
882 3268 947 3328 suis
980 3267 1152 3330 heredibus
1184 3287 1242 3350 pro
1274 3269 1414 3331 sedecim
1439 3267 1509 3331 flor.

245 3375 313 3435 auri
338 3375 482 3436 vendidit
494 3389 650 3456 perpetuo
676 3375 906 3458 possidendum
932 3389 963 3435 et
986 3375 1157 3457 superinde
1182 3389 1228 3438 est
1251 3376 1311 3437 sibi
1336 3375 1427 3438 litera
1444 3377 1505 3438 sub

246 3479 397 3563 pendenti
422 3481 529 3561 sigillo
554 3482 794 3544 communitatis
824 3495 980 3544 emanata.

351 3605 428 3666 ltem
455 3605 615 3667 Seboldus
641 3606 752 3689 Mayar
784 3606 946 3687 quandam
979 3621 1096 3668 terram
1127 3607 1281 3670 arabilem
1307 3609 1338 3669 in
1364 3608 1508 3693 Tratyua

246 3713 327 3774 inter
350 3727 448 3774 terras
473 3733 510 3772 ex
534 3727 669 3794 utraque
693 3727 782 3794 parte
807 3713 940 3774 ecclesie
963 3727 1070 3776 nostre
1089 3714 1282 3796 parochialis
1306 3715 1390 3776 beati
1409 3716 1507 3776 Marci

245 3819 450 3900 ewangeliste
475 3833 506 3882 et
523 3821 591 3880 vias
615 3839 804 3881 communes
823 3819 975 3898 habitam,
993 3833 1066 3882 octo
1084 3821 1185 3882 dietas
1201 3835 1282 3882 terre
1308 3822 1339 3882 in
1357 3841 1389 3881 se
1407 3823 1507 3883 conti-

244 3940 384 4005 nentem,
409 3925 533 4008 prelato
558 3926 694 3988 Nicolao
719 3925 817 4005 judici
842 3945 900 4008 pro
933 3925 1044 3988 decern
1069 3925 1138 3987 flor.
1174 3927 1243 3988 auri
1269 3927 1414 3988 vendidit
1437 3947 1507 4009 per-

244 4047 341 4116 petuo
366 4033 594 4116 possidendam
616 4048 647 4095 et
671 4033 843 4115 superinde
867 4047 913 4094 est
937 4033 997 4094 sibi
1022 4033 1113 4094 litera
1137 4036 1195 4095 sub
1220 4033 1372 4116 pendenti
1398 4035 1505 4115 sigillo

245 4139 485 4202 communitatis
510 4155 667 4202 emanata.

350 4263 427 4326 ltem
453 4264 659 4326 medietatem
685 4264 851 4326 cuiusdam
879 4264 972 4325 vinee
1005 4264 1036 4324 in
1061 4263 1222 4326 territorio
1255 4263 1391 4325 civitatis
1425 4265 1506 4326 inter

241 4371 370 4432 vineam
396 4371 561 4432 Benedicti
587 4371 741 4433 institoris
766 4385 797 4433 et
822 4371 902 4432 inter
919 4372 1047 4432 vineam
1066 4371 1149 4433 Petri
1175 4371 1232 4432 filii
1258 4372 1396 4433 condam
1423 4371 1507 4432 Mar-

242 4478 299 4538 tini
325 4477 516 4560 carpentarii
541 4477 661 4554 habite,
686 4479 833 4561 Mathyas
857 4479 1074 4560 carpentarius
1103 4499 1119 4540 a
1145 4479 1281 4540 condam
1310 4478 1410 4539 Elena
1437 4497 1506 4539 mu·

242 4585 319 4645 liere
344 4585 444 4645 Ztana
469 4585 696 4665 cognominata
721 4605 780 4666 pro
805 4585 941 4666 pecunia
965 4585 1044 4646 emit
1072 4598 1227 4666 perpetuo
1260 4583 1506 4667 possidendam;

243 4705 273 4752 et
291 4691 387 4752 aliam
405 4691 610 4753 medietatem
630 4692 773 4753 eiusdem
792 4691 884 4752 vinee
899 4691 1001 4752 Elena
1015 4692 1113 4752 altera
1127 4709 1237 4752 socrus
1251 4691 1349 4773 ipsius
1366 4689 1506 4772 Mathye,

243 4797 346 4859 eidem
374 4797 502 4879 Mathye
527 4797 725 4879 carpentario
751 4797 868 4878 legavit
889 4811 1044 4879 perpetuo
1069 4797 1308 4880 possidendam.

350 4921 428 4984 ltem
454 4921 565 4984 eadem
593 4922 692 4982 Elena
725 4941 834 4982 socrus
867 4921 967 5003 ipsius
999 4922 1128 5004 Mathye
1161 4923 1349 5004 carpentarii
1387 4921 1504 4984 medie-

244 5041 354 5106 tatem,
378 5043 501 5110 partem
526 5028 676 5089 videlicet
693 5029 903 5110 posteriorem
927 5028 1093 5090 cuiusdam
1111 5029 1238 5109 domus,
1256 5029 1346 5090 fundi
1364 5043 1394 5092 et
1417 5028 1504 5092 hedi·
