3854 5798
574 1595 702 1694 (Anno
729 1595 885 1684 Domini
912 1594 1216 1700 nooooonv.)

367 1952 464 2026 Quod
490 1953 521 2014 in
540 1973 626 2015 anno
644 1953 776 2015 Domini
797 1955 971 2016 millesimo
989 1953 1309 2036 quadringentesimo
1327 1954 1526 2035 sexagesimo

260 2073 386 2140 quarto,
410 2055 488 2120 feria
511 2059 650 2120 secunda
688 2060 833 2141 proxima
866 2075 939 2123 ante
971 2059 1086 2122 festum
1122 2058 1363 2120 Purificacionis
1395 2060 1526 2141 virginis

260 2165 412 2246 gloriose,
436 2165 555 2226 Paulus
579 2177 680 2226 sartor
703 2163 788 2227 lilius
826 2166 965 2228 condam
991 2165 1111 2228 Mathie
1136 2165 1252 2248 Fylecz
1285 2165 1359 2228 dicti
1385 2166 1527 2227 concivis

262 2284 369 2332 noster
394 2270 556 2351 quandam
581 2272 707 2332 vineam
734 2291 824 2333 suam
850 2273 882 2334 in
900 2272 1060 2334 territorio
1079 2284 1188 2333 nostro
1212 2290 1269 2331 seu
1294 2270 1430 2332 civitatis
1455 2290 1525 2352 pre·

260 2376 322 2439 late
347 2376 520 2439 Valentino
545 2377 683 2458 agricole
708 2379 833 2440 concivi
860 2393 968 2441 nostro
992 2377 1060 2440 filio
1086 2378 1245 2439 Francisci
1271 2376 1458 2460 Ztoykoych
1485 2377 1523 2437 de

260 2479 487 2566 Zarversya'ac
512 2484 646 2566 provide
671 2485 799 2546 mulieri
825 2485 926 2547 Elena
958 2499 1070 2547 vocate
1102 2485 1240 2546 consorti
1266 2483 1410 2546 eiusdem
1434 2484 1524 2565 legit-

259 2591 335 2652 time
360 2611 417 2673 pro
442 2591 687 2672 quatuordecim
713 2591 781 2656 flor.
806 2592 874 2654 auri
899 2613 934 2656 ac
962 2593 1064 2654 tribus
1080 2591 1187 2674 pensis
1211 2591 1420 2652 denariorum
1444 2611 1520 2652 ven·

260 2696 341 2758 didit
365 2711 424 2757 etc.

367 2803 464 2876 Quod
490 2803 521 2864 in
540 2823 625 2864 auno
644 2803 776 2865 Domini
794 2804 968 2866 millesimo
985 2804 1305 2887 quadringentesimo
1322 2803 1524 2884 sexagesimo

260 2923 375 2990 quarto
400 2910 431 2970 in
457 2906 537 2970 testo
562 2911 729 2972 beatorum
755 2910 889 2972 Fabiani
912 2924 943 2971 et
968 2911 1148 2972 Sebastiani
1166 2912 1343 2989 martirum,
1369 2909 1522 2991 providus

261 3030 292 3080 et
316 3016 564 3098 circumspectus
589 3016 636 3077 vir
663 3017 821 3078 Martinus
840 3016 935 3098 judex
953 3032 1061 3079 noster
1078 3018 1252 3079 modernus
1276 3017 1361 3079 lilius
1385 3015 1525 3095 Thorne,

260 3121 415 3204 quasdam
439 3123 518 3184 duas
542 3124 652 3184 vineas
676 3143 759 3200 suas,
785 3123 920 3184 nuncin
939 3143 1035 3184 unanr
1054 3125 1181 3184 vineam
1206 3123 1360 3202 redactas,
1385 3122 1416 3183 in
1434 3123 1524 3184 terri·

258 3229 342 3290 torio
367 3243 475 3290 nostro
508 3249 543 3291 ac
577 3230 658 3290 inter
690 3231 801 3292 vineas
833 3229 1011 3292 liberorum
1045 3250 1101 3291 seu
1133 3249 1352 3292 successorum
1386 3229 1522 3291 condant

261 3335 373 3397 Briccii
399 3334 556 3397 Joffanow
588 3337 820 3418 cognominati,
853 3340 893 3398 ab
919 3356 982 3398 una
1015 3350 1114 3417 parte,
1140 3351 1170 3398 et
1204 3337 1285 3398 inter
1310 3337 1419 3397 vineas
1443 3335 1523 3396 libe·

261 3461 369 3504 rorum
395 3441 517 3503 Malecz
542 3455 572 3503 et
596 3443 679 3504 Petri
713 3443 788 3505 dicti
814 3442 937 3505 Oczeth
970 3456 1000 3503 ct
1025 3443 1114 3504 Pauli
1149 3441 1304 3504 carnificis
1337 3456 1518 3504 nostrorum

260 3547 442 3610 concivium
456 3547 579 3610 habitas
596 3562 627 3610 et
644 3549 823 3628 existentes,
837 3549 974 3630 desuper
991 3569 1008 3610 a
1026 3550 1074 3610 via
1089 3569 1204 3630 magna
1215 3549 1378 3610 communi
1394 3563 1424 3610 et
1438 3546 1524 3609 infra

259 3674 360 3736 usque
385 3655 524 3717 rivulum
549 3675 621 3716 curn
647 3656 787 3736 virgulto
820 3655 940 3717 eisdem
969 3655 1094 3716 duabus
1127 3656 1228 3717 vineis
1253 3675 1339 3716 nunc
1364 3655 1395 3715 in
1422 3673 1518 3714 unam

259 3760 394 3822 redactis
425 3781 457 3822 se
491 3760 714 3840 extendentes,
750 3763 810 3822 sub
843 3762 936 3823 metis
968 3759 1185 3844 infrascriptis,
1219 3763 1322 3843 ipsum
1349 3761 1522 3822 Martinum

258 3866 391 3948 juridice
418 3886 483 3948 quo
508 3867 547 3928 ad
574 3887 671 3928 unarn
704 3867 911 3930 medietatem
946 3889 962 3930 a
996 3868 1132 3929 condam
1165 3869 1266 3949 proba
1291 3867 1421 3928 domina
1448 3867 1522 3928 Bar·

260 3975 334 4035 bara
359 3973 423 4035 alio
456 3974 588 4035 nomine
622 3975 722 4035 Elena
755 3987 868 4036 vocata
900 3973 965 4036 lilia
998 3975 1134 4035 condam
1168 3974 1301 4034 Fabiani
1335 3973 1523 4054 carpentarii

258 4080 337 4140 olim
362 4093 509 4141 consorte
533 4099 589 4141 sua
607 4080 777 4160 legittima,
802 4093 833 4142 et
850 4101 916 4162 quo
933 4081 972 4141 ad
991 4081 1087 4141 aliam
1113 4079 1317 4141 medietatem
1344 4099 1360 4140 a
1386 4078 1522 4140 condam

259 4185 390 4247 domina
415 4184 538 4266 Agatha
565 4185 629 4247 filio
655 4186 810 4250 lobannis
835 4186 979 4270 Susnych
1014 4187 1053 4248 de
1079 4185 1246 4268 Schitaryo
1271 4185 1350 4246 olim
1374 4197 1521 4246 consorte

259 4291 382 4374 Gaspar
406 4291 498 4372 jurati
531 4293 708 4375 empcionis
740 4293 835 4354 titulo
869 4307 939 4371 etc,
972 4313 1044 4353 corn
1077 4293 1228 4353 omnibus
1260 4291 1403 4353 eiusdem
1430 4291 1524 4352 vinee

258 4398 450 4460 utilitatibus
475 4399 611 4481 provido
636 4400 705 4460 viro
730 4399 860 4461 Thorne
877 4400 990 4461 sartori
1015 4397 1082 4460 lilio
1101 4399 1238 4461 condam
1257 4397 1416 4459 Francisci
1437 4398 1522 4459 lvlez·

257 4504 406 4587 thethycz
424 4504 630 4567 inhabitatori
654 4505 738 4566 dicte
756 4505 892 4566 civitatis
908 4507 1055 4587 proximo
1081 4519 1111 4566 et
1129 4506 1369 4585 consangvineo
1386 4523 1445 4564 suo
1464 4517 1522 4565 etc.

260 4613 302 4671 ob
327 4630 470 4672 amorem
495 4610 674 4673 fraternalis
706 4611 904 4690 dileccionis,
937 4625 1004 4673 turn
1039 4612 1139 4673 eciam
1166 4631 1222 4692 pro
1255 4609 1398 4671 serviciis
1424 4609 1522 4692 ipsius

258 4715 387 4777 Thome
411 4717 540 4779 sartoris
564 4716 704 4780 dedisset
728 4731 759 4779 et
788 4718 988 4799 propinasset
1021 4717 1088 4796 jure
1113 4729 1269 4798 perpetuo
1295 4729 1353 4777 etc.
1381 4731 1411 4776 et
1435 4714 1520 4794 juxta

258 4823 483 4884 condicionem
509 4823 592 4886 dicte
618 4825 755 4885 civitatis
780 4824 1089 4905 quomodocumque
1113 4823 1251 4884 voluerit
1276 4821 1520 4904 disponendam.

365 4929 463 5005 Quod
489 4932 564 5014 quia
589 4932 636 4993 vir
667 4931 821 5014 providus
854 4931 990 4992 Mathias
1023 4930 1221 5011 Tergowecz
1254 4930 1357 4990 dictus
1382 4928 1522 4990 concivis

259 5049 366 5100 noster
390 5035 474 5100 filius
499 5037 655 5101 Anthonii
681 5038 720 5099 de
745 5038 903 5122 Zelnycza
923 5057 1021 5120 prope
1046 5036 1155 5098 villam
1184 5037 1464 5119 Pompernowecz,
1482 5035 1521 5096 ad

1420 5143 1455 5204 16
