3832 5804
272 775 358 837 fratri
383 795 441 838 suo
466 776 584 838 carnali
610 796 667 858 pro
699 777 801 840 tribus
837 777 908 840 flor.
941 779 1086 840 vendidit
1118 794 1273 862 perpetuo
1305 782 1534 862 possidendam

272 896 303 944 et
330 883 503 964 superinde
527 897 573 943 est
597 883 687 944 litera
713 886 772 945 sub
795 884 945 966 pendenti
972 885 1078 964 sigillo
1112 887 1351 947 communitatis
1375 903 1534 951 emanata.

378 990 454 1051 ltem
482 990 610 1074 Mathye
635 991 813 1052 balneatori
839 989 906 1051 filio
931 991 1065 1052 Fabiani
1094 991 1133 1052 de
1159 992 1362 1077 Myletbyncz
1391 994 1531 1075 quedam

272 1097 364 1158 vinea
389 1096 517 1158 Thome
543 1095 700 1158 carnificis
720 1095 777 1158 filii
800 1097 953 1180 Stephani
979 1098 1054 1159 dicti
1072 1097 1142 1175 Wr,
1161 1099 1191 1159 in
1210 1099 1370 1161 territorio
1396 1101 1533 1162 civitatis

271 1203 412 1285 predicte
437 1223 536 1284 penes
560 1203 687 1264 vineam
713 1203 844 1286 Mathye
866 1201 1025 1266 carnificis
1050 1203 1106 1265 filii
1124 1203 1311 1284 Clementis,
1336 1226 1394 1287 pro
1419 1205 1535 1267 debitis

271 1308 415 1371 eiusdem
448 1308 578 1391 Mathye
611 1309 824 1388 balneatoris,
858 1311 975 1392 quibus
1007 1311 1066 1372 sibi
1100 1311 1166 1393 ipse
1199 1311 1344 1373 Thomas
1376 1312 1534 1374 debitorie

270 1416 483 1498 obligabatur,
509 1429 556 1477 est
580 1429 695 1478 statuta
714 1429 871 1498 perpetuo
889 1416 1064 1478 literatorie
1083 1417 1287 1498 possidenda,
1312 1433 1342 1479 et
1358 1419 1530 1499 superinde

271 1536 318 1584 est
340 1523 431 1584 litera
455 1523 514 1584 sub
532 1521 686 1603 pendenti
704 1522 811 1602 sigillo
836 1523 1077 1584 communitatis
1101 1537 1258 1586 emanata.

376 1629 453 1692 ltem
490 1627 690 1710 Margaretha
728 1629 837 1690 relicta
878 1629 1014 1690 condam
1054 1629 1166 1690 Briccii
1207 1628 1331 1714 Ozyas,
1372 1630 1532 1710 quendam

269 1735 420 1818 (hlortum
444 1753 538 1797 suum
564 1737 595 1796 in
620 1735 776 1796 suburbio
801 1735 938 1796 civitatis
971 1737 1052 1796 inter
1076 1735 1233 1818 (b)ortum
1259 1735 1439 1798 Clementis
1463 1756 1529 1796 car·

270 1841 382 1918 officis,
406 1841 512 1923 jurati,
546 1855 576 1902 et
607 1841 783 1903 liberorum
818 1841 958 1923 Philippi
991 1839 1142 1904 aurifabri
1176 1841 1340 1920 habitum,
1373 1842 1533 1924 Gregorio

269 1950 380 2030 pistori
405 1967 524 2030 panum
549 1946 617 2009 filio
635 1947 734 2029 ipsius
759 1947 874 2008 Briccii
900 1946 1018 2030 Ozyas,
1035 1947 1184 2029 privigno
1209 1968 1278 2025 suo,
1304 1948 1421 2030 legavit
1437 1962 1533 2010 testa-

270 2055 452 2117 mentaliter
476 2053 545 2135 jure
569 2067 726 2136 perpetuo
757 2053 1001 2135 possidendum,
1027 2067 1058 2116 et
1089 2053 1261 2135 superinde
1286 2068 1333 2116 est
1359 2055 1450 2115 litera
1474 2053 1533 2115 sibi

269 2165 328 2224 sub
353 2161 505 2244 pendenti
530 2159 638 2241 sigillo
667 2159 907 2222 communitatis
931 2173 1088 2221 emanata.

377 2267 455 2329 ltem
481 2267 620 2348 quedam
637 2279 720 2328 terra
744 2265 872 2326 arabilis
889 2265 987 2347 vulgo
1012 2265 1216 2328 larchenicza
1234 2266 1328 2344 dicta,
1353 2266 1385 2326 in
1410 2285 1525 2348 campo

269 2375 405 2437 civitatis
431 2373 512 2435 inter
536 2387 634 2436 terras
658 2373 819 2433 Valentini
851 2371 967 2452 judicis
992 2386 1022 2434 et
1048 2373 1194 2455 Dyonisii
1228 2373 1380 2434 institoris
1412 2371 1532 2450 habita,

267 2495 331 2542 tres
351 2500 422 2542 cum
441 2480 547 2541 inedia
572 2479 673 2540 dietas
689 2493 770 2539 terre
796 2479 828 2538 in
845 2497 878 2539 se
895 2479 1074 2557 continens,
1092 2479 1230 2541 Johanni
1255 2497 1374 2560 genero
1400 2477 1528 2560 Mathye

269 2586 398 2648 Philech
424 2605 480 2668 per
504 2585 717 2647 donacionem
743 2583 842 2646 Elene
867 2583 930 2646 filie
949 2585 1092 2646 eiusdem
1112 2585 1241 2667 Mathye
1267 2584 1397 2646 Philech
1423 2585 1531 2646 uxoris

268 2693 413 2754 eiusdem
438 2692 593 2754 lobannis
618 2705 664 2752 est
696 2704 812 2752 statuta
836 2704 992 2772 perpetuo
1011 2691 1203 2772 possidenda
1229 2705 1259 2752 et
1290 2691 1463 2772 superinde
1488 2705 1534 2751 est

268 2800 358 2860 litera
383 2800 441 2860 sub
466 2797 619 2880 pendenti
644 2797 751 2878 sigillo
779 2797 1020 2858 communitatis
1045 2813 1201 2860 emanata.

374 2906 451 2966 ltem
476 2904 675 2986 Augustinus
701 2904 808 2966 Kusne
833 2903 918 2964 lilius
936 2903 1037 2982 Pauli,
1059 2905 1193 2966 domum
1217 2923 1308 2966 suam
1333 2924 1406 2966 cum
1425 2903 1525 2965 fundo

269 3026 300 3073 et
323 3011 451 3074 cellario
475 3013 684 3086 subterraneo
710 3029 746 3070 ac
763 3008 919 3072 hedificiis
937 3011 967 3070 in
997 3011 1068 3072 vico
1086 3009 1283 3072 Carnificum
1308 3011 1339 3072 in
1364 3011 1527 3072 vicinitate

270 3118 387 3180 domus
400 3118 525 3180 domini
541 3117 672 3197 Georgii
688 3117 827 3198 Malych,
838 3115 1112 3178 Anthoniosutori
1123 3115 1284 3179 filioPetri
1302 3117 1342 3178 de
1353 3117 1528 3198 Jacowlya·

268 3225 380 3302 Zreda,
406 3244 490 3286 novo
515 3224 640 3286 concivi
658 3237 767 3284 nostro
792 3241 849 3304 pro
867 3224 977 3284 decem
1004 3223 1071 3286 lior.
1092 3223 1235 3285 vendidit
1252 3239 1407 3306 perpetuo
1432 3225 1532 3305 possi-

268 3331 408 3392 dendam
434 3345 465 3392 et
488 3331 659 3413 superinde
686 3345 732 3390 est
764 3330 854 3391 litera
879 3333 938 3390 sab
971 3330 1123 3412 pendenti
1148 3331 1256 3411 sigillo
1290 3331 1531 3392 communitatis

268 3452 426 3498 emanata.

375 3543 450 3604 ltem
477 3543 628 3604 dominus
661 3543 850 3604 Ambrosius
884 3543 1039 3625 presbiter
1071 3541 1156 3604 filius
1187 3544 1350 3604 Dominiei
1388 3544 1427 3604 de
1462 3544 1530 3604 Mo·

269 3649 404 3726 rawcha,
431 3649 636 3710 medietatem
662 3648 777 3710 domus
801 3668 857 3709 sue
890 3663 921 3711 et
945 3649 1148 3711 medietatem
1185 3649 1277 3709 vinee
1303 3663 1333 3710 et
1357 3663 1438 3710 terre
1464 3670 1529 3710 ara-

269 3757 352 3835 bilis,
377 3757 538 3837 porcionis
562 3755 714 3816 videlicet
745 3774 801 3816 sue
826 3756 858 3816 in
884 3755 966 3816 dicta
1000 3755 1126 3817 civitate
1152 3769 1182 3815 et
1213 3755 1281 3816 eius
1305 3756 1468 3817 territorio
1495 3777 1530 3816 ac

268 3863 474 3945 pertinenciis
497 3861 677 3924 habitarum
703 3875 733 3922 et
761 3862 982 3939 existentium,
1015 3863 1159 3922 Barnabe
1197 3859 1264 3922 filio
1290 3861 1379 3923 Pauli
1405 3861 1443 3922 de
1469 3863 1529 3923 Ra-

269 3971 375 4031 konok
400 3970 524 4031 sororio
549 3984 579 4030 et
604 3969 705 4030 Elene
729 3968 830 4030 sorori
859 3967 925 4028 suis
957 3967 1089 4028 donavit
1121 3983 1276 4048 perpetuo
1301 3967 1529 4048 possidendam

267 4091 299 4139 et
323 4076 496 4158 superinde
521 4091 567 4136 est
591 4076 681 4136 litera
706 4075 765 4135 sub
798 4075 950 4155 pendenti
979 4073 1086 4154 sigillo
1118 4074 1361 4134 communitatis
1385 4087 1530 4134 emanata

268 4183 344 4265 ipsis
368 4182 517 4245 videlicet
543 4183 688 4244 Barnabe
713 4195 743 4244 et
769 4181 868 4242 Elene
892 4200 948 4242 sue
974 4181 1127 4244 consorti.
