3816 5802
806 523 892 581 ΑΜ
914 533 1005 600 1445-
1475 541 1513 602 53

252 732 399 794 vendidit
422 746 579 814 perpetuo
603 731 814 814 possidendas
839 746 870 792 et
893 732 1066 814 superinde
1092 733 1198 796 eidem
1222 733 1396 796 Valentino
1413 733 1516 814 jurato

252 855 299 900 est
323 840 415 900 litera
440 838 650 921 privilegialis
673 839 732 899 sub
762 838 915 919 pendenti
949 839 1058 920 sigillo
1091 840 1330 902 communitatis
1361 853 1517 903 emanata.

358 944 436 1006 Item
461 943 575 1008 Vrsula
601 963 680 1006 uxor
706 945 863 1025 legittima
900 945 1010 1006 Jacobi
1035 944 1092 1007 filii
1125 946 1262 1008 condam
1288 947 1371 1008 Petri
1397 946 1519 1029 Saphar

252 1052 284 1112 in
307 1071 365 1112 sua
390 1066 421 1114 et
446 1051 537 1112 Pauli
561 1049 620 1112 filii
638 1051 698 1130 sui,
723 1071 759 1111 ex
784 1051 854 1132 ipso
873 1052 993 1114 Jacobo
1011 1053 1155 1134 legitime
1173 1053 1346 1135 progeniti,
1362 1053 1517 1135 personis,

251 1157 414 1239 quandam
439 1157 566 1219 vineam
590 1177 681 1218 suam
707 1155 968 1240 Glagolynscbalr
994 1159 1093 1239 vulgo
1118 1171 1263 1221 vocatam
1299 1159 1331 1220 in
1356 1159 1516 1222 territorio

251 1263 389 1326 civitatis
412 1263 554 1345 predicte
580 1263 663 1324 inter
688 1263 797 1324 vineas
818 1263 906 1326 Jellre
924 1265 1032 1326 relicte
1057 1265 1195 1327 condam
1212 1265 1342 1348 Matbye
1358 1264 1416 1327 filii
1434 1266 1516 1328 Mar-

251 1371 310 1432 tini
334 1385 366 1432 et
390 1371 473 1432 Petri
504 1369 706 1452 Zudrowycb
725 1369 879 1450 habitam,
905 1371 1094 1434 Sebastiano
1111 1369 1214 1452 jurato
1232 1387 1340 1434 nostro
1358 1372 1516 1434 moderno

250 1477 318 1540 filio
343 1477 458 1538 Radlro
494 1496 553 1559 pro
585 1497 639 1538 sex
663 1476 732 1539 flor.
763 1477 831 1538 auti
865 1478 1012 1540 vendidit
1036 1492 1193 1560 perpetuo
1225 1479 1452 1561 possidendam
1486 1495 1517 1540 et

250 1582 422 1665 superinde
447 1596 494 1644 est
518 1583 608 1644 litera
632 1585 692 1644 sub
716 1583 870 1665 pendenti
895 1584 1003 1664 sigillo
1028 1585 1268 1646 communitatis
1292 1599 1449 1648 emanata.

357 1689 435 1751 ltem
460 1689 592 1750 domina
618 1689 792 1752 scolastica
817 1690 925 1752 relicta
959 1691 1097 1752 condam
1128 1688 1276 1772 Gregorii
1300 1690 1405 1772 jurati,
1430 1709 1515 1753 nunc

250 1815 382 1858 consors
407 1795 564 1876 legittima
589 1795 718 1858 Andree
737 1796 854 1874 Latini,
877 1795 1032 1878 quasdam
1050 1809 1174 1880 septem
1190 1797 1301 1878 glebas
1317 1810 1399 1858 terre
1416 1796 1514 1879 vulgo

249 1903 347 1985 grede
371 1903 481 1981 dictas,
507 1903 589 1964 inter
612 1902 746 1986 (b)ort0s
778 1903 875 1964 Blasii
910 1903 1003 1984 jurati
1036 1917 1066 1965 et
1101 1903 1253 1986 Stephani
1279 1901 1435 1964 carnificis
1458 1903 1513 1966 ha·

251 2011 331 2072 bitas
355 2030 390 2072 ac
416 2011 498 2072 inter
521 2010 661 2072 rivulum
694 2029 750 2070 seu
776 2023 917 2071 meatum
942 2029 1026 2092 aque
1043 2009 1194 2092 pluvialis
1214 2009 1347 2090 habitas,
1365 2009 1514 2092 predictis

251 2118 359 2180 Blasio
391 2117 495 2198 jurato
528 2129 559 2178 et
591 2116 755 2200 Stephano
788 2115 928 2179 carnifici
960 2117 1046 2179 dicto
1079 2117 1188 2200 Zaylro
1220 2136 1278 2199 pro
1310 2131 1383 2180 octo
1407 2118 1514 2200 pensis

251 2222 456 2286 denariorum
481 2223 627 2285 vendidit
652 2237 808 2306 perpetuo
841 2223 1051 2306 possidendas
1075 2237 1106 2286 et
1129 2223 1302 2306 superinde
1328 2222 1450 2286 eisdem
1475 2224 1512 2286 li·

248 2345 314 2394 tere
338 2331 555 2413 privilegiales
578 2345 652 2391 sunt
676 2343 835 2393 emanata.

355 2456 433 2517 ltem
459 2455 558 2517 Elena
583 2455 692 2517 relicta
709 2469 740 2518 et
757 2459 865 2536 Agnes
890 2455 954 2517 filia
972 2455 1109 2518 condam
1126 2456 1291 2519 Valentini
1308 2456 1349 2519 de
1366 2455 1510 2534 Raboch,

249 2563 363 2625 totales
387 2581 496 2625 earum
528 2563 698 2645 porciones
730 2563 760 2624 in
789 2563 880 2624 vinea
910 2577 941 2625 et
973 2563 1071 2626 domo
1104 2582 1212 2626 earum
1239 2565 1271 2626 in
1296 2563 1456 2626 territorio
1480 2575 1511 2624 et

250 2670 375 2731 civitate
400 2670 542 2752 predicte
567 2667 702 2748 habitas,
728 2670 812 2752 ipsas
836 2689 894 2751 pro
911 2671 1120 2752 porcionibus
1144 2689 1255 2732 earum
1280 2671 1338 2732 rite
1364 2685 1394 2732 et
1418 2669 1508 2750 legit·

250 2777 325 2837 time
342 2777 620 2854 concernentibus,
638 2775 799 2838 Clementi
818 2775 953 2841 institori
968 2775 1036 2838 filio
1054 2775 1208 2858 Stephani
1221 2777 1423 2839 donaverunt
1439 2795 1509 2858 per-

250 2898 345 2964 petuo
369 2881 579 2965 possidendas
603 2895 635 2944 et
658 2881 831 2964 superinde
864 2881 969 2943 eidem
996 2881 1158 2946 Clementi
1184 2884 1321 2946 institori
1347 2897 1393 2945 est
1417 2881 1507 2944 litera

249 2990 306 3050 sub
330 2989 482 3072 pendenti
506 2989 614 3070 sigillo
639 2988 879 3050 communitatis
904 3003 1060 3052 emanata.

288 3227 370 3300 Item
399 3230 430 3299 in
461 3227 579 3317 vigilia
619 3229 697 3300 festi
737 3226 991 3300 Purificacionis
1024 3228 1121 3300 beate
1163 3227 1306 3318 virginis
1335 3228 1448 3300 Maria.

761 3383 803 3456 (1.
821 3383 999 3457 februario.

351 3522 427 3584 ltem
462 3522 609 3604 Mathyas
645 3523 763 3584 Farlras
797 3521 882 3584 filius
918 3520 1024 3602 Egidii
1059 3521 1098 3583 de
1133 3519 1280 3583 Klolroch
1314 3531 1344 3582 et
1375 3518 1507 3584 domina

247 3628 421 3690 Katberina
446 3647 576 3690 consors
600 3649 655 3690 sua
680 3630 795 3690 totales
817 3642 848 3691 et
872 3627 1036 3690 universas
1067 3627 1224 3690 sessiones
1248 3629 1392 3710 ipsorum
1417 3627 1506 3709 joba-

243 3735 388 3814 gionales
412 3755 468 3796 seu
493 3735 564 3797 loca
589 3755 701 3797 eorum
718 3735 905 3796 sessionalia
930 3747 961 3795 et
977 3734 1194 3816 jobagionalia
1220 3753 1355 3795 numero
1380 3733 1505 3811 decem,

245 3842 275 3901 in
300 3840 461 3902 territorio
486 3841 623 3903 civitatis
640 3842 782 3924 predicte
801 3861 901 3924 prope
926 3841 1058 3905 fluvium
1081 3841 1175 3902 Zawe
1194 3841 1320 3902 invilla
1347 3841 1505 3922 Pobresya

244 3947 325 4008 inter
348 3947 505 4008 sessiones
521 3947 668 4008 similiter
684 3947 905 4030 jobagionales
926 3968 982 4008 seu
999 3946 1070 4008 loca
1094 3947 1283 4008 sessionalia
1308 3961 1338 4008 et
1361 3946 1504 4026 jobagio-

244 4053 325 4114 nalia
351 4053 509 4115 Leonardi
537 4053 674 4115 condam
700 4053 921 4115 Theuthonici
947 4069 977 4114 et
1002 4073 1086 4115 nunc
1111 4053 1275 4115 Valentini
1301 4053 1358 4115 filii
1384 4053 1504 4116 Micha-

244 4161 300 4221 elis
324 4160 500 4244 Saronycb‚
525 4162 565 4222 ab
589 4161 724 4238 oriente,
748 4163 786 4222 ab
812 4161 980 4222 occidente
1005 4175 1113 4222 autem
1142 4161 1224 4222 inter
1247 4161 1423 4222 sessionem
1448 4180 1504 4222 seu

243 4269 349 4328 locum
374 4267 582 4330 sessionalem
609 4267 769 4330 Valentini
789 4267 998 4329 Merkadantb
1015 4267 1139 4329 habitas
1164 4281 1194 4328 et
1211 4267 1390 4346 existentes,
1407 4267 1504 4328 simul

243 4393 314 4434 cum
344 4375 436 4436 terris
467 4374 643 4436 arabilibus
676 4373 839 4457 Delnycze
872 4387 902 4436 et
936 4373 1164 4458 Srebynnyeze
1196 4374 1334 4452 vocatis,
1367 4393 1402 4434 ac
1432 4373 1503 4434 aliis

243 4481 362 4542 cunctis
386 4499 496 4542 earum
522 4481 714 4543 utilitatibus
739 4495 770 4544 et
793 4481 999 4563 pertinenciis
1017 4481 1192 4558 universis3
1218 4481 1293 4543 item
1319 4493 1382 4543 tres
1398 4493 1502 4562 partes

243 4587 455 4668 quarumdam
478 4601 633 4650 terrarum
659 4587 831 4649 arabilium
856 4588 887 4648 in
913 4586 1029 4648 eodem
1059 4587 1219 4649 territorio
1244 4587 1343 4669 ipsius
1367 4587 1503 4648 civitatis

244 4693 364 4756 ibidem
388 4713 489 4776 prope
514 4695 595 4756 inter
620 4694 735 4756 fluvios
758 4693 923 4756 Borcbena
941 4694 1045 4755 mlaka
1072 4707 1102 4756 et
1119 4693 1288 4777 Thysycza
1313 4693 1425 4772 dictos,
1443 4697 1501 4755 sub

244 4821 350 4863 earum
369 4801 462 4863 metis
479 4801 638 4884 prioribus
655 4802 738 4863 veris
755 4815 785 4863 et
802 4801 942 4882 antiquis
959 4802 990 4861 in
1009 4801 1108 4862 literis
1121 4800 1375 4883 privilegialibus
1392 4820 1501 4882 super·

244 4908 317 4970 inde
341 4906 494 4971 confectis
519 4907 642 4970 habitas
666 4921 697 4970 et
721 4909 902 4986 existentes,
927 4927 1000 4969 cum
1031 4927 1140 4972 aarum
1166 4907 1267 4968 eciam
1292 4909 1413 4969 cunctis
1436 4908 1501 4968 suis

243 5015 431 5077 utilitatibus
455 5030 485 5077 et
522 5015 726 5097 pertinenciis
756 5015 911 5076 universis
943 5011 1067 5097 prelato
1092 5013 1264 5077 Valentino
1289 5014 1499 5079 Merkadanth
