3816 5802
798 545 886 603 Anno
906 553 998 622 1447.
1474 545 1515 627 87

247 758 321 820 dam
348 759 433 820 Petri
453 757 585 842 Saphar,
602 757 758 839 quasdam
777 756 856 818 duas
872 757 968 818 silvas
985 755 1017 817 in
1034 757 1195 819 territorio
1212 757 1348 820 civitatis
1365 757 1511 821 Cherno·

247 883 352 926 merca
376 878 491 927 vocato
515 864 649 943 habitas,
665 864 748 924 inter
770 863 866 924 silvas
891 863 1065 924 liberorum
1091 861 1229 924 condam
1254 862 1351 924 Blasii
1376 861 1469 943 fabri,
1493 885 1511 925 a

247 971 452 1034 meridionali
477 983 576 1054 parte,
608 984 639 1033 et
670 971 753 1032 inter
784 969 950 1052 quoddam
982 967 1138 1031 fossatum
1170 989 1227 1031 seu
1259 982 1402 1032 meatum
1428 990 1511 1052 aque

247 1077 399 1160 pluvialis
422 1078 508 1156 sitas,
534 1096 602 1139 sese
627 1076 778 1158 contigue
795 1095 830 1137 ac
855 1075 1029 1138 inmediate
1047 1075 1281 1156 contingentes,
1304 1096 1377 1138 cum
1402 1095 1511 1139 earum

249 1183 456 1266 pertinenciis
480 1197 510 1246 et
528 1183 720 1246 utilitatibus
736 1182 894 1244 universis
919 1181 1046 1243 Andree
1063 1179 1131 1244 filio
1149 1181 1300 1266 Symonis
1317 1181 1356 1243 de
1374 1182 1511 1266 Dedych

247 1309 306 1372 pro
330 1305 413 1352 certa
439 1290 648 1373 pecuniarum
682 1287 859 1370 quantitate
890 1287 1038 1350 vendidit
1068 1301 1223 1370 perpetuo
1247 1287 1457 1372 possidendas
1482 1301 1513 1350 et

246 1396 419 1478 superinde
437 1409 484 1458 est
507 1396 598 1458 litera
614 1396 674 1456 sub
698 1393 850 1476 pendenti
875 1393 983 1474 sigillo
1007 1394 1246 1457 communitatis
1270 1409 1427 1460 emanata.

352 1502 429 1564 ltem
455 1502 557 1564 Elena
581 1501 689 1563 relicta
709 1499 845 1562 condam
864 1500 956 1562 Pauli
974 1499 1200 1585 Duymowych
1224 1501 1354 1562 totalem
1379 1501 1511 1564 terciam

245 1629 337 1672 suam
361 1624 483 1691 partem
509 1609 542 1670 in
567 1607 707 1690 quadam
731 1621 814 1668 terra
849 1605 961 1668 arabili
995 1605 1109 1688 prefati
1138 1605 1275 1669 condam
1308 1607 1398 1668 Pauli
1424 1607 1511 1690 Duy-

245 1715 406 1798 mowych,
431 1715 462 1777 in
489 1734 603 1796 campo
628 1714 765 1776 civitatis
782 1713 925 1796 predicte
951 1713 1032 1776 inter
1048 1727 1147 1775 terras
1170 1713 1346 1775 liberorum
1373 1715 1511 1776 condam

244 1821 431 1899 Alexandri,
455 1841 472 1882 a
497 1820 738 1903 septemtrione,
756 1833 786 1881 et
810 1819 893 1882 inter
909 1833 1007 1880 terras
1031 1820 1123 1882 beate
1141 1817 1341 1900 Margarethe
1365 1819 1510 1902 virginis,

249 1948 268 1990 a
305 1927 485 1990 meridiane
517 1927 643 2006 habita,
677 1945 750 1988 curn
794 1925 947 1986 omnibus
978 1925 1122 1987 eiusdem
1153 1925 1250 1988 tercie
1282 1926 1379 2009 partia
1412 1926 1511 2008 ipsius

245 2049 325 2096 terre
350 2033 480 2096 arabilis
503 2032 695 2096 utilitatibus
738 2045 768 2093 et
796 2031 1002 2114 pertinenciis
1034 2031 1192 2094 universis
1216 2030 1344 2116 Mathye
1369 2030 1509 2095 carnifici

248 2139 315 2202 filio
340 2139 519 2202 Clementis
541 2158 661 2221 genero
680 2158 739 2201 suo
756 2158 815 2222 pro
840 2151 922 2201 certa
940 2138 1150 2222 pecuniarum
1167 2138 1343 2220 quantitate
1366 2137 1512 2201 vendidit

245 2259 402 2330 perpetuo
426 2245 666 2329 possidendam.

351 2352 429 2416 Item
454 2353 588 2436 provida
614 2351 731 2414 mulier
755 2351 880 2414 Martha
904 2351 996 2413 aliter
1020 2351 1123 2414 Kussa
1148 2365 1262 2414 vocata
1286 2349 1350 2414 lilia
1375 2351 1510 2434 predicti

244 2459 380 2521 condam
406 2459 496 2520 Pauli
522 2457 759 2543 Duymowych,
784 2457 886 2519 eciam
907 2457 1042 2520 totalem
1074 2477 1166 2520 suam
1190 2471 1314 2540 partem
1339 2460 1370 2520 in
1397 2459 1508 2521 eadem

243 2579 325 2627 terra
349 2563 461 2648 prefati
485 2565 654 2647 patrissui
680 2565 781 2648 ipsam
806 2563 875 2646 jure
900 2564 1083 2627 divisionali
1107 2565 1285 2628 literatorie
1310 2584 1509 2628 concernen-

244 2685 320 2752 tem,
344 2691 417 2735 cum
441 2673 507 2734 suia
530 2671 738 2754 pertinenciis
762 2685 793 2733 et
818 2671 1009 2734 utilitatibus
1033 2671 1190 2734 universis
1206 2672 1351 2754 predicto
1377 2671 1508 2757 Mathye

244 2777 386 2840 carnifici
410 2779 480 2840 viro
504 2764 563 2840 stin
587 2777 747 2860 legittimo
765 2777 899 2838 donavit
922 2793 1078 2861 perpetuo
1110 2779 1349 2862 possidendam.

353 2885 430 2947 ltem
455 2885 558 2967 prima
582 2903 655 2967 pars
680 2885 780 2966 ipsius
811 2896 894 2946 terre
927 2885 1057 2947 arabilis
1090 2885 1224 2968 predicti
1256 2885 1393 2948 condam
1419 2886 1509 2950 Pauli

244 2992 376 3054 sartoris
400 3011 416 3053 a
442 3005 530 3074 parte
548 2991 726 3053 liberorum
743 2989 960 3074 predictorum
980 2991 1079 3075 ipsius
1095 2991 1232 3054 condam
1247 2992 1421 3055 Alexandri
1438 2994 1509 3072 sita,

244 3098 374 3177 triginta
397 3097 507 3158 sulltos
530 3109 612 3158 terre
636 3095 735 3177 vulgo
759 3096 853 3177 zloge
882 3095 985 3158 dictos
1011 3098 1042 3158 in
1075 3117 1108 3158 se
1132 3097 1311 3178 continens,
1333 3097 1508 3160 Katherine

244 3204 353 3285 puelle
375 3202 442 3266 filie
466 3203 565 3286 ipsius
589 3203 680 3265 Pauli
706 3203 836 3265 sartoris
859 3223 915 3286 per
947 3203 1144 3266 eleccionem
1168 3203 1268 3286 ipsius
1292 3216 1323 3266 et
1347 3203 1507 3267 divisione

244 3311 326 3372 inter
351 3309 437 3392 ipsos
461 3309 542 3372 facta
566 3309 720 3372 remansit
745 3309 920 3371 literatorie
944 3324 1100 3391 perpetuo
1127 3307 1320 3391 possidenda
1344 3322 1375 3372 et
1398 3330 1506 3393 super-

245 3415 317 3477 inde
343 3416 403 3498 ipsi
429 3415 557 3498 Mathye
582 3414 722 3478 carnifici
747 3435 783 3477 ac
801 3414 885 3478 dicte
910 3416 1084 3478 Katherine
1101 3415 1210 3498 puelle
1234 3429 1308 3478 sunt
1331 3417 1423 3480 litere
1448 3418 1506 3480 sub

246 3523 400 3605 pendenti
424 3522 532 3603 sigillo
556 3522 795 3584 communitatis
826 3537 982 3586 emanate.

351 3628 428 3690 ltem
454 3628 587 3711 predicti
613 3628 716 3690 Elena
739 3628 859 3708 relicta,
877 3643 907 3690 et
922 3628 1046 3692 Martha
1070 3649 1106 3691 ac
1123 3629 1299 3692 Katherine
1324 3627 1387 3692 filie
1406 3629 1506 3712 ipsius

245 3734 384 3797 condam
409 3735 501 3797 Pauli
527 3734 762 3819 Duymowych,
794 3735 921 3796 vineam
956 3735 1099 3818 ipsorum
1133 3735 1209 3818 ipsis
1240 3756 1297 3819 per
1327 3734 1505 3817 predictum

246 3841 381 3903 Paulum
407 3839 631 3924 Duymowych
663 3841 801 3922 legatam
833 3841 1106 3921 testamentaliter,
1138 3843 1170 3903 in
1202 3855 1265 3904 tres
1288 3855 1393 3924 partes
1424 3841 1506 3903 inter

244 3967 276 4008 se
301 3948 489 4028 diviserunt,
513 3948 601 4029 quod
620 3967 683 4010 una
708 3968 779 4030 pars
797 3947 897 4030 ipsius
920 3948 1013 4008 vinee
1030 3967 1048 4009 a
1065 3961 1153 4031 parte
1177 3949 1271 4010 vinee
1296 3946 1419 4031 Gaspar
1436 3947 1505 4010 lite·

244 4055 302 4116 rati
327 4054 446 4134 habita,
471 4055 530 4137 ipsi
556 4055 730 4117 Katherine
755 4055 862 4138 puelle
886 4073 943 4137 pet
970 4054 1168 4117 eleccionem
1193 4055 1293 4138 ipsius
1316 4055 1410 4117 cessit
1434 4074 1504 4136 per-

243 4175 343 4244 petuo
367 4161 580 4244 possidenda;
605 4161 667 4224 alia
691 4175 798 4224 autem
823 4181 895 4244 pars
920 4161 1020 4244 ipsius
1036 4162 1129 4223 vinee
1155 4183 1171 4223 a
1196 4175 1284 4245 parte
1307 4161 1400 4224 vinee
1425 4160 1505 4222 libe-

244 4287 354 4330 rorum
379 4268 517 4330 condam
543 4268 626 4330 Petri
654 4267 852 4352 llorwathyn
877 4269 948 4348 sita,
972 4267 1093 4350 prefate
1119 4269 1243 4331 Martha
1268 4269 1395 4331 mulieri
1413 4269 1506 4332 cessit

242 4387 401 4459 perpetuo
426 4375 637 4458 possidenda;
661 4375 759 4436 tercia
792 4389 898 4436 autern
928 4395 1000 4457 pars
1032 4375 1176 4438 eiusdem
1211 4375 1304 4437 vinee
1329 4375 1410 4436 inter
1434 4395 1504 4457 pre-

245 4483 346 4545 dictas
382 4481 552 4565 porciones
583 4481 725 4543 vineales
756 4480 952 4564 prefatarum
981 4482 1155 4544 Katherine
1187 4481 1295 4565 puelle
1327 4495 1357 4544 et
1382 4481 1504 4543 Marthe

244 4589 399 4667 mulieris,
424 4609 441 4650 a
465 4601 555 4671 parte
578 4587 754 4651 occidentis
771 4588 889 4668 habita,
918 4587 1038 4671 prefate
1057 4589 1158 4652 Elene
1183 4589 1275 4650 matri
1300 4589 1439 4671 ipsarum
1457 4609 1504 4651 re-

243 4696 360 4757 mansit
383 4710 540 4778 perpetuo
564 4695 776 4778 possidenda3
801 4715 898 4778 quarn
924 4695 1054 4756 tandem
1078 4695 1266 4778 porcionem
1291 4713 1381 4756 suant
1414 4695 1503 4756 vine·

243 4802 326 4865 alem
352 4801 422 4884 ipsa
446 4802 548 4864 Elena
572 4801 688 4864 mulier
708 4803 848 4864 Martino
859 4801 958 4884 judici
973 4816 1083 4865 nostro
1101 4801 1258 4864 moderno
1282 4821 1340 4884 pro
1364 4821 1417 4864 sex
1435 4801 1504 4864 flor.

243 4908 310 4970 auri
335 4907 481 4969 vendidit
505 4921 660 4990 perpetuo
678 4909 906 4992 possidendam
923 4922 954 4970 et
970 4907 1141 4992 superinde
1158 4922 1232 4970 sunt
1249 4908 1339 4970 litere
1352 4909 1504 4970 omnibus

244 5013 395 5096 predictis
417 5014 519 5076 tribus
542 5015 685 5096 partibus
710 5017 768 5078 sub
786 5015 938 5098 pendenti
960 5015 1067 5098 sigillo
1085 5015 1324 5078 communitatis
1349 5029 1505 5080 emanate.
1538 5055 1540 5060 ·
