<?xml version="1.0" encoding="UTF-8"?>
<!DOCTYPE html PUBLIC "-//W3C//DTD XHTML 1.0 Transitional//EN"
    "http://www.w3.org/TR/xhtml1/DTD/xhtml1-transitional.dtd">
<html xmlns="http://www.w3.org/1999/xhtml" xml:lang="en" lang="en">
 <head>
  <title>
</title>
<meta http-equiv="Content-Type" content="text/html;charset=utf-8" />
  <meta name='ocr-system' content='tesseract 3.04.00' />
  <meta name='ocr-capabilities' content='ocr_page ocr_carea ocr_par ocr_line ocrx_word'/>
</head>
<body>
  <div class='ocr_page' id='page_1' title='image "./monumentahistor21laszgoog_0074.png"; bbox 0 0 3840 5810; ppageno 0'>
   <div class='ocr_carea' id='block_1_1' title="bbox 399 597 1666 5151">
    <p class='ocr_par' dir='ltr' id='par_1_1' title="bbox 402 597 1125 678">
     <span class='ocr_line' id='line_1_1' title="bbox 402 597 1125 678; baseline -0.006 -18"><span class='ocrx_word' id='word_1_1' title='bbox 402 619 441 678; x_wconf 85' lang='lat'>30</span> <span class='ocrx_word' id='word_1_2' title='bbox 922 597 1009 656; x_wconf 85' lang='lat' dir='ltr'>Anno</span> <span class='ocrx_word' id='word_1_3' title='bbox 1032 609 1125 676; x_wconf 73' lang='lat'><em>1443.</em></span> 
     </span>
    </p>

    <p class='ocr_par' dir='ltr' id='par_1_2' title="bbox 399 807 1664 2681">
     <span class='ocr_line' id='line_1_2' title="bbox 507 807 1663 890; baseline -0.003 -20"><span class='ocrx_word' id='word_1_4' title='bbox 507 811 582 872; x_wconf 86' lang='lat' dir='ltr'>Item</span> <span class='ocrx_word' id='word_1_5' title='bbox 609 825 672 872; x_wconf 89' lang='lat' dir='ltr'>tres</span> <span class='ocrx_word' id='word_1_6' title='bbox 696 811 781 872; x_wconf 91' lang='lat' dir='ltr'>diete</span> <span class='ocrx_word' id='word_1_7' title='bbox 806 823 887 871; x_wconf 89' lang='lat' dir='ltr'>terre</span> <span class='ocrx_word' id='word_1_8' title='bbox 913 810 1043 871; x_wconf 88' lang='lat' dir='ltr'>arabilis</span> <span class='ocrx_word' id='word_1_9' title='bbox 1060 811 1091 870; x_wconf 92' lang='lat' dir='ltr'>in</span> <span class='ocrx_word' id='word_1_10' title='bbox 1117 829 1231 890; x_wconf 90' lang='lat' dir='ltr'>campo</span> <span class='ocrx_word' id='word_1_11' title='bbox 1254 809 1391 870; x_wconf 85' lang='lat' dir='ltr'>civitatis</span> <span class='ocrx_word' id='word_1_12' title='bbox 1415 808 1556 890; x_wconf 86' lang='lat' dir='ltr'>predicte</span> <span class='ocrx_word' id='word_1_13' title='bbox 1581 807 1663 870; x_wconf 90' lang='lat' dir='ltr'>inter</span> 
     </span>
     <span class='ocr_line' id='line_1_3' title="bbox 401 914 1664 999; baseline -0.004 -21"><span class='ocrx_word' id='word_1_14' title='bbox 401 932 499 979; x_wconf 91' lang='lat' dir='ltr'>terras</span> <span class='ocrx_word' id='word_1_15' title='bbox 531 919 706 980; x_wconf 92' lang='lat' dir='ltr'>liberorum</span> <span class='ocrx_word' id='word_1_16' title='bbox 739 917 952 999; x_wconf 84' lang='lat' dir='ltr'>Stephanycz,</span> <span class='ocrx_word' id='word_1_17' title='bbox 985 937 1001 976; x_wconf 86' lang='lat' dir='ltr'>a</span> <span class='ocrx_word' id='word_1_18' title='bbox 1035 915 1276 998; x_wconf 84' lang='lat' dir='ltr'>septemtrione,</span> <span class='ocrx_word' id='word_1_19' title='bbox 1309 930 1340 977; x_wconf 93' lang='lat' dir='ltr'>et</span> <span class='ocrx_word' id='word_1_20' title='bbox 1372 916 1411 976; x_wconf 88' lang='lat' dir='ltr'>ab</span> <span class='ocrx_word' id='word_1_21' title='bbox 1435 915 1558 976; x_wconf 89' lang='lat' dir='ltr'>oriente</span> <span class='ocrx_word' id='word_1_22' title='bbox 1582 914 1664 974; x_wconf 90' lang='lat' dir='ltr'>inter</span> 
     </span>
     <span class='ocr_line' id='line_1_4' title="bbox 399 1021 1662 1086; baseline -0.006 0"><span class='ocrx_word' id='word_1_23' title='bbox 399 1037 499 1086; x_wconf 89' lang='lat' dir='ltr'>terras</span> <span class='ocrx_word' id='word_1_24' title='bbox 524 1039 631 1086; x_wconf 86' lang='lat' dir='ltr'>nostre</span> <span class='ocrx_word' id='word_1_25' title='bbox 656 1023 897 1085; x_wconf 81' lang='lat' dir='ltr'>communitatis</span> <span class='ocrx_word' id='word_1_26' title='bbox 922 1043 958 1084; x_wconf 86' lang='lat' dir='ltr'>ac</span> <span class='ocrx_word' id='word_1_27' title='bbox 985 1023 1161 1085; x_wconf 90' lang='lat' dir='ltr'>liberorum</span> <span class='ocrx_word' id='word_1_28' title='bbox 1194 1021 1340 1083; x_wconf 88' lang='lat' dir='ltr'>similiter</span> <span class='ocrx_word' id='word_1_29' title='bbox 1363 1041 1420 1084; x_wconf 90' lang='lat' dir='ltr'>seu</span> <span class='ocrx_word' id='word_1_30' title='bbox 1443 1039 1662 1082; x_wconf 88' lang='lat' dir='ltr'>successorum</span> 
     </span>
     <span class='ocr_line' id='line_1_5' title="bbox 400 1126 1661 1210; baseline -0.005 -18"><span class='ocrx_word' id='word_1_31' title='bbox 400 1131 535 1192; x_wconf 89' lang='lat' dir='ltr'>condam</span> <span class='ocrx_word' id='word_1_32' title='bbox 561 1127 732 1193; x_wconf 88' lang='lat' dir='ltr'>Michaelis</span> <span class='ocrx_word' id='word_1_33' title='bbox 756 1129 934 1192; x_wconf 90' lang='lat' dir='ltr'>Sebastiani</span> <span class='ocrx_word' id='word_1_34' title='bbox 954 1149 1010 1210; x_wconf 90' lang='lat' dir='ltr'>per</span> <span class='ocrx_word' id='word_1_35' title='bbox 1034 1143 1151 1190; x_wconf 89' lang='lat' dir='ltr'>metam</span> <span class='ocrx_word' id='word_1_36' title='bbox 1181 1128 1348 1190; x_wconf 89' lang='lat' dir='ltr'>cuiusdam</span> <span class='ocrx_word' id='word_1_37' title='bbox 1367 1127 1472 1189; x_wconf 87' lang='lat' dir='ltr'>salicis</span> <span class='ocrx_word' id='word_1_38' title='bbox 1495 1140 1526 1188; x_wconf 98' lang='lat' dir='ltr'>et</span> <span class='ocrx_word' id='word_1_39' title='bbox 1543 1126 1661 1187; x_wconf 88' lang='lat' dir='ltr'>dumus</span> 
     </span>
     <span class='ocr_line' id='line_1_6' title="bbox 400 1233 1663 1318; baseline -0.005 -21"><span class='ocrx_word' id='word_1_40' title='bbox 400 1237 563 1318; x_wconf 87' lang='lat' dir='ltr'>spinarum</span> <span class='ocrx_word' id='word_1_41' title='bbox 589 1238 628 1298; x_wconf 88' lang='lat' dir='ltr'>ab</span> <span class='ocrx_word' id='word_1_42' title='bbox 653 1237 769 1298; x_wconf 90' lang='lat' dir='ltr'>eodem</span> <span class='ocrx_word' id='word_1_43' title='bbox 794 1236 917 1298; x_wconf 91' lang='lat' dir='ltr'>oriente</span> <span class='ocrx_word' id='word_1_44' title='bbox 943 1255 1043 1316; x_wconf 89' lang='lat' dir='ltr'>usque</span> <span class='ocrx_word' id='word_1_45' title='bbox 1062 1234 1275 1296; x_wconf 90' lang='lat' dir='ltr'>meridionem</span> <span class='ocrx_word' id='word_1_46' title='bbox 1293 1233 1510 1317; x_wconf 88' lang='lat' dir='ltr'>procedendo,</span> <span class='ocrx_word' id='word_1_47' title='bbox 1528 1251 1564 1292; x_wconf 94' lang='lat' dir='ltr'>ac</span> <span class='ocrx_word' id='word_1_48' title='bbox 1581 1233 1663 1292; x_wconf 91' lang='lat' dir='ltr'>inter</span> 
     </span>
     <span class='ocr_line' id='line_1_7' title="bbox 400 1339 1663 1425; baseline -0.006 -21"><span class='ocrx_word' id='word_1_49' title='bbox 400 1358 498 1405; x_wconf 89' lang='lat' dir='ltr'>terras</span> <span class='ocrx_word' id='word_1_50' title='bbox 521 1364 577 1406; x_wconf 88' lang='lat' dir='ltr'>seu</span> <span class='ocrx_word' id='word_1_51' title='bbox 601 1343 791 1425; x_wconf 87' lang='lat' dir='ltr'>porcionem</span> <span class='ocrx_word' id='word_1_52' title='bbox 809 1356 964 1403; x_wconf 89' lang='lat' dir='ltr'>terrarum</span> <span class='ocrx_word' id='word_1_53' title='bbox 990 1343 1071 1403; x_wconf 89' lang='lat' dir='ltr'>Pero</span> <span class='ocrx_word' id='word_1_54' title='bbox 1095 1341 1188 1422; x_wconf 80' lang='lat' dir='ltr'>jurati</span> <span class='ocrx_word' id='word_1_55' title='bbox 1206 1341 1378 1404; x_wconf 90' lang='lat' dir='ltr'>abeodem</span> <span class='ocrx_word' id='word_1_56' title='bbox 1397 1339 1588 1416; x_wconf 89' lang='lat' dir='ltr'>meridione,</span> <span class='ocrx_word' id='word_1_57' title='bbox 1605 1357 1663 1398; x_wconf 87' lang='lat' dir='ltr'>nec</span> 
     </span>
     <span class='ocr_line' id='line_1_8' title="bbox 402 1443 1662 1527; baseline -0.006 -16"><span class='ocrx_word' id='word_1_58' title='bbox 402 1471 466 1512; x_wconf 93' lang='lat' dir='ltr'>non</span> <span class='ocrx_word' id='word_1_59' title='bbox 492 1451 573 1512; x_wconf 92' lang='lat' dir='ltr'>inter</span> <span class='ocrx_word' id='word_1_60' title='bbox 598 1451 682 1511; x_wconf 89' lang='lat' dir='ltr'>viam</span> <span class='ocrx_word' id='word_1_61' title='bbox 708 1467 914 1510; x_wconf 89' lang='lat' dir='ltr'>communem</span> <span class='ocrx_word' id='word_1_62' title='bbox 941 1468 1049 1509; x_wconf 91' lang='lat' dir='ltr'>versus</span> <span class='ocrx_word' id='word_1_63' title='bbox 1081 1447 1247 1510; x_wconf 86' lang='lat' dir='ltr'>ecclesiam</span> <span class='ocrx_word' id='word_1_64' title='bbox 1280 1447 1364 1510; x_wconf 90' lang='lat' dir='ltr'>beati</span> <span class='ocrx_word' id='word_1_65' title='bbox 1389 1446 1500 1508; x_wconf 88' lang='lat' dir='ltr'>Jacobi</span> <span class='ocrx_word' id='word_1_66' title='bbox 1525 1443 1662 1527; x_wconf 86' lang='lat' dir='ltr'>apostoli</span> 
     </span>
     <span class='ocr_line' id='line_1_9' title="bbox 402 1552 1664 1637; baseline -0.006 -20"><span class='ocrx_word' id='word_1_67' title='bbox 402 1556 629 1637; x_wconf 84' lang='lat' dir='ltr'>procedentem</span> <span class='ocrx_word' id='word_1_68' title='bbox 662 1555 769 1616; x_wconf 88' lang='lat' dir='ltr'>habite</span> <span class='ocrx_word' id='word_1_69' title='bbox 793 1570 823 1616; x_wconf 91' lang='lat' dir='ltr'>et</span> <span class='ocrx_word' id='word_1_70' title='bbox 855 1555 1028 1630; x_wconf 84' lang='lat' dir='ltr'>existentis,</span> <span class='ocrx_word' id='word_1_71' title='bbox 1060 1569 1122 1615; x_wconf 91' lang='lat' dir='ltr'>tres</span> <span class='ocrx_word' id='word_1_72' title='bbox 1154 1554 1306 1616; x_wconf 89' lang='lat' dir='ltr'>videlicet</span> <span class='ocrx_word' id='word_1_73' title='bbox 1337 1553 1438 1614; x_wconf 88' lang='lat' dir='ltr'>dietas</span> <span class='ocrx_word' id='word_1_74' title='bbox 1468 1565 1550 1614; x_wconf 86' lang='lat' dir='ltr'>terre</span> <span class='ocrx_word' id='word_1_75' title='bbox 1574 1552 1606 1612; x_wconf 91' lang='lat' dir='ltr'>in</span> <span class='ocrx_word' id='word_1_76' title='bbox 1630 1570 1664 1611; x_wconf 91' lang='lat' dir='ltr'>se</span> 
     </span>
     <span class='ocr_line' id='line_1_10' title="bbox 402 1660 1662 1744; baseline -0.005 -20"><span class='ocrx_word' id='word_1_77' title='bbox 402 1663 631 1741; x_wconf 90' lang='lat' dir='ltr'>continentem,</span> <span class='ocrx_word' id='word_1_78' title='bbox 656 1676 691 1724; x_wconf 92' lang='lat' dir='ltr'>ut</span> <span class='ocrx_word' id='word_1_79' title='bbox 707 1661 876 1744; x_wconf 82' lang='lat' dir='ltr'>prefertur,</span> <span class='ocrx_word' id='word_1_80' title='bbox 893 1682 910 1722; x_wconf 89' lang='lat' dir='ltr'>a</span> <span class='ocrx_word' id='word_1_81' title='bbox 928 1675 1016 1744; x_wconf 86' lang='lat' dir='ltr'>parte</span> <span class='ocrx_word' id='word_1_82' title='bbox 1042 1663 1149 1743; x_wconf 90' lang='lat' dir='ltr'>itaque</span> <span class='ocrx_word' id='word_1_83' title='bbox 1167 1661 1324 1722; x_wconf 88' lang='lat' dir='ltr'>dictarum</span> <span class='ocrx_word' id='word_1_84' title='bbox 1341 1675 1496 1722; x_wconf 88' lang='lat' dir='ltr'>terrarum</span> <span class='ocrx_word' id='word_1_85' title='bbox 1521 1660 1662 1740; x_wconf 89' lang='lat' dir='ltr'>ipsorum</span> 
     </span>
     <span class='ocr_line' id='line_1_11' title="bbox 402 1766 1662 1851; baseline -0.002 -22"><span class='ocrx_word' id='word_1_86' title='bbox 402 1769 577 1830; x_wconf 91' lang='lat' dir='ltr'>liberorum</span> <span class='ocrx_word' id='word_1_87' title='bbox 603 1769 678 1829; x_wconf 89' lang='lat' dir='ltr'>dicti</span> <span class='ocrx_word' id='word_1_88' title='bbox 704 1768 906 1851; x_wconf 90' lang='lat' dir='ltr'>Stephanycz</span> <span class='ocrx_word' id='word_1_89' title='bbox 930 1769 1014 1844; x_wconf 86' lang='lat' dir='ltr'>sitas,</span> <span class='ocrx_word' id='word_1_90' title='bbox 1044 1781 1111 1829; x_wconf 88' lang='lat' dir='ltr'>tum</span> <span class='ocrx_word' id='word_1_91' title='bbox 1144 1789 1201 1849; x_wconf 92' lang='lat' dir='ltr'>pro</span> <span class='ocrx_word' id='word_1_92' title='bbox 1225 1767 1365 1848; x_wconf 89' lang='lat' dir='ltr'>terragio</span> <span class='ocrx_word' id='word_1_93' title='bbox 1399 1766 1510 1847; x_wconf 90' lang='lat' dir='ltr'>viginti</span> <span class='ocrx_word' id='word_1_94' title='bbox 1536 1777 1662 1847; x_wconf 90' lang='lat' dir='ltr'>quarta-</span> 
     </span>
     <span class='ocr_line' id='line_1_12' title="bbox 401 1872 1661 1957; baseline -0.002 -22"><span class='ocrx_word' id='word_1_95' title='bbox 401 1876 480 1936; x_wconf 93' lang='lat' dir='ltr'>lium</span> <span class='ocrx_word' id='word_1_96' title='bbox 506 1876 620 1956; x_wconf 88' lang='lat' dir='ltr'>partim</span> <span class='ocrx_word' id='word_1_97' title='bbox 644 1875 739 1940; x_wconf 92' lang='lat' dir='ltr'>tritici</span> <span class='ocrx_word' id='word_1_98' title='bbox 765 1889 796 1936; x_wconf 93' lang='lat' dir='ltr'>et</span> <span class='ocrx_word' id='word_1_99' title='bbox 820 1877 934 1956; x_wconf 89' lang='lat' dir='ltr'>partim</span> <span class='ocrx_word' id='word_1_100' title='bbox 961 1875 1053 1952; x_wconf 89' lang='lat' dir='ltr'>milii,</span> <span class='ocrx_word' id='word_1_101' title='bbox 1081 1875 1169 1957; x_wconf 88' lang='lat' dir='ltr'>quod</span> <span class='ocrx_word' id='word_1_102' title='bbox 1194 1875 1324 1936; x_wconf 79' lang='lat' dir='ltr'>larinus</span> <span class='ocrx_word' id='word_1_103' title='bbox 1340 1874 1461 1954; x_wconf 77' lang='lat' dir='ltr'>juratus</span> <span class='ocrx_word' id='word_1_104' title='bbox 1477 1873 1561 1936; x_wconf 90' lang='lat' dir='ltr'>filius</span> <span class='ocrx_word' id='word_1_105' title='bbox 1578 1872 1661 1933; x_wconf 88' lang='lat' dir='ltr'>Petri</span> 
     </span>
     <span class='ocr_line' id='line_1_13' title="bbox 401 1979 1661 2063; baseline -0.004 -19"><span class='ocrx_word' id='word_1_106' title='bbox 401 1981 524 2062; x_wconf 87' lang='lat' dir='ltr'>Saphar</span> <span class='ocrx_word' id='word_1_107' title='bbox 547 1981 680 2042; x_wconf 90' lang='lat' dir='ltr'>domino</span> <span class='ocrx_word' id='word_1_108' title='bbox 706 1981 871 2042; x_wconf 86' lang='lat' dir='ltr'>Anthonio</span> <span class='ocrx_word' id='word_1_109' title='bbox 889 1982 1040 2062; x_wconf 83' lang='lat' dir='ltr'>magistro</span> <span class='ocrx_word' id='word_1_110' title='bbox 1058 1979 1224 2063; x_wconf 88' lang='lat' dir='ltr'>hospitalis</span> <span class='ocrx_word' id='word_1_111' title='bbox 1248 1981 1346 2042; x_wconf 83' lang='lat' dir='ltr'>nostri</span> <span class='ocrx_word' id='word_1_112' title='bbox 1370 1981 1551 2042; x_wconf 89' lang='lat' dir='ltr'>communis</span> <span class='ocrx_word' id='word_1_113' title='bbox 1574 1994 1661 2039; x_wconf 93' lang='lat' dir='ltr'>tene-</span> 
     </span>
     <span class='ocr_line' id='line_1_14' title="bbox 401 2085 1663 2169; baseline -0.002 -21"><span class='ocrx_word' id='word_1_114' title='bbox 401 2089 504 2165; x_wconf 80' lang='lat' dir='ltr'>batur,</span> <span class='ocrx_word' id='word_1_115' title='bbox 529 2101 595 2148; x_wconf 91' lang='lat' dir='ltr'>tum</span> <span class='ocrx_word' id='word_1_116' title='bbox 620 2087 720 2148; x_wconf 92' lang='lat' dir='ltr'>eciam</span> <span class='ocrx_word' id='word_1_117' title='bbox 746 2107 804 2169; x_wconf 93' lang='lat' dir='ltr'>pro</span> <span class='ocrx_word' id='word_1_118' title='bbox 820 2089 951 2169; x_wconf 84' lang='lat' dir='ltr'>triginta</span> <span class='ocrx_word' id='word_1_119' title='bbox 977 2089 1145 2149; x_wconf 88' lang='lat' dir='ltr'>missarum</span> <span class='ocrx_word' id='word_1_120' title='bbox 1164 2088 1386 2150; x_wconf 87' lang='lat' dir='ltr'>celebracione</span> <span class='ocrx_word' id='word_1_121' title='bbox 1411 2107 1467 2169; x_wconf 93' lang='lat' dir='ltr'>per</span> <span class='ocrx_word' id='word_1_122' title='bbox 1483 2088 1587 2169; x_wconf 90' lang='lat' dir='ltr'>ipsum</span> <span class='ocrx_word' id='word_1_123' title='bbox 1606 2085 1663 2146; x_wconf 94' lang='lat' dir='ltr'>do-</span> 
     </span>
     <span class='ocr_line' id='line_1_15' title="bbox 401 2191 1660 2276; baseline -0.002 -22"><span class='ocrx_word' id='word_1_124' title='bbox 401 2194 524 2254; x_wconf 90' lang='lat' dir='ltr'>minum</span> <span class='ocrx_word' id='word_1_125' title='bbox 550 2193 749 2255; x_wconf 87' lang='lat' dir='ltr'>Anthonium</span> <span class='ocrx_word' id='word_1_126' title='bbox 775 2214 833 2276; x_wconf 92' lang='lat' dir='ltr'>pro</span> <span class='ocrx_word' id='word_1_127' title='bbox 857 2195 959 2256; x_wconf 88' lang='lat' dir='ltr'>salute</span> <span class='ocrx_word' id='word_1_128' title='bbox 984 2195 1091 2257; x_wconf 87' lang='lat' dir='ltr'>anime</span> <span class='ocrx_word' id='word_1_129' title='bbox 1124 2207 1293 2276; x_wconf 85' lang='lat' dir='ltr'>parentum</span> <span class='ocrx_word' id='word_1_130' title='bbox 1318 2195 1417 2276; x_wconf 90' lang='lat' dir='ltr'>ipsius</span> <span class='ocrx_word' id='word_1_131' title='bbox 1441 2193 1550 2255; x_wconf 90' lang='lat' dir='ltr'>Jacobi</span> <span class='ocrx_word' id='word_1_132' title='bbox 1570 2191 1660 2274; x_wconf 80' lang='lat' dir='ltr'>jurati</span> 
     </span>
     <span class='ocr_line' id='line_1_16' title="bbox 400 2298 1661 2383; baseline -0.002 -23"><span class='ocrx_word' id='word_1_133' title='bbox 400 2298 462 2380; x_wconf 88' lang='lat' dir='ltr'>jam</span> <span class='ocrx_word' id='word_1_134' title='bbox 478 2300 635 2381; x_wconf 89' lang='lat' dir='ltr'>completa</span> <span class='ocrx_word' id='word_1_135' title='bbox 661 2314 692 2362; x_wconf 91' lang='lat' dir='ltr'>et</span> <span class='ocrx_word' id='word_1_136' title='bbox 715 2315 852 2381; x_wconf 88' lang='lat' dir='ltr'>peracta,</span> <span class='ocrx_word' id='word_1_137' title='bbox 877 2300 962 2361; x_wconf 91' lang='lat' dir='ltr'>idem</span> <span class='ocrx_word' id='word_1_138' title='bbox 981 2301 1119 2362; x_wconf 90' lang='lat' dir='ltr'>Jacobus</span> <span class='ocrx_word' id='word_1_139' title='bbox 1135 2301 1256 2382; x_wconf 85' lang='lat' dir='ltr'>juratus</span> <span class='ocrx_word' id='word_1_140' title='bbox 1276 2300 1421 2383; x_wconf 87' lang='lat' dir='ltr'>predicto</span> <span class='ocrx_word' id='word_1_141' title='bbox 1446 2301 1579 2361; x_wconf 91' lang='lat' dir='ltr'>domino</span> <span class='ocrx_word' id='word_1_142' title='bbox 1598 2304 1661 2359; x_wconf 86' lang='lat' dir='ltr'>An-</span> 
     </span>
     <span class='ocr_line' id='line_1_17' title="bbox 400 2406 1662 2489; baseline -0.002 -23"><span class='ocrx_word' id='word_1_143' title='bbox 400 2406 513 2466; x_wconf 90' lang='lat' dir='ltr'>thonio</span> <span class='ocrx_word' id='word_1_144' title='bbox 538 2407 690 2486; x_wconf 89' lang='lat' dir='ltr'>magistro</span> <span class='ocrx_word' id='word_1_145' title='bbox 726 2407 825 2488; x_wconf 91' lang='lat' dir='ltr'>ipsius</span> <span class='ocrx_word' id='word_1_146' title='bbox 851 2407 948 2468; x_wconf 89' lang='lat' dir='ltr'>nostri</span> <span class='ocrx_word' id='word_1_147' title='bbox 984 2407 1150 2489; x_wconf 88' lang='lat' dir='ltr'>hospitalis</span> <span class='ocrx_word' id='word_1_148' title='bbox 1182 2407 1363 2469; x_wconf 89' lang='lat' dir='ltr'>communis</span> <span class='ocrx_word' id='word_1_149' title='bbox 1395 2407 1483 2468; x_wconf 91' lang='lat' dir='ltr'>dedit</span> <span class='ocrx_word' id='word_1_150' title='bbox 1508 2419 1662 2487; x_wconf 90' lang='lat' dir='ltr'>perpetuo</span> 
     </span>
     <span class='ocr_line' id='line_1_18' title="bbox 401 2512 1662 2597; baseline -0.001 -24"><span class='ocrx_word' id='word_1_151' title='bbox 401 2513 610 2594; x_wconf 89' lang='lat' dir='ltr'>possidendas</span> <span class='ocrx_word' id='word_1_152' title='bbox 635 2527 666 2575; x_wconf 91' lang='lat' dir='ltr'>et</span> <span class='ocrx_word' id='word_1_153' title='bbox 689 2513 862 2594; x_wconf 86' lang='lat' dir='ltr'>superinde</span> <span class='ocrx_word' id='word_1_154' title='bbox 887 2528 933 2575; x_wconf 91' lang='lat' dir='ltr'>est</span> <span class='ocrx_word' id='word_1_155' title='bbox 964 2515 1054 2576; x_wconf 88' lang='lat' dir='ltr'>litera</span> <span class='ocrx_word' id='word_1_156' title='bbox 1084 2516 1143 2576; x_wconf 92' lang='lat' dir='ltr'>sub</span> <span class='ocrx_word' id='word_1_157' title='bbox 1168 2515 1320 2597; x_wconf 90' lang='lat' dir='ltr'>pendenti</span> <span class='ocrx_word' id='word_1_158' title='bbox 1352 2515 1459 2596; x_wconf 91' lang='lat' dir='ltr'>sigillo</span> <span class='ocrx_word' id='word_1_159' title='bbox 1483 2512 1662 2574; x_wconf 90' lang='lat' dir='ltr'>communi·</span> 
     </span>
     <span class='ocr_line' id='line_1_19' title="bbox 400 2619 654 2681; baseline 0.008 -2"><span class='ocrx_word' id='word_1_160' title='bbox 400 2619 473 2680; x_wconf 91' lang='lat' dir='ltr'>tatis</span> <span class='ocrx_word' id='word_1_161' title='bbox 497 2633 654 2681; x_wconf 89' lang='lat' dir='ltr'>emanata.</span> 
     </span>
    </p>

    <p class='ocr_par' dir='ltr' id='par_1_3' title="bbox 400 2725 1663 3553">
     <span class='ocr_line' id='line_1_20' title="bbox 507 2725 1661 2809; baseline -0.001 -23"><span class='ocrx_word' id='word_1_162' title='bbox 507 2725 583 2787; x_wconf 90' lang='lat' dir='ltr'>ltem</span> <span class='ocrx_word' id='word_1_163' title='bbox 610 2725 741 2787; x_wconf 88' lang='lat' dir='ltr'>domina</span> <span class='ocrx_word' id='word_1_164' title='bbox 768 2726 967 2807; x_wconf 86' lang='lat' dir='ltr'>Margaretha</span> <span class='ocrx_word' id='word_1_165' title='bbox 995 2728 1103 2789; x_wconf 88' lang='lat' dir='ltr'>relicta</span> <span class='ocrx_word' id='word_1_166' title='bbox 1128 2729 1264 2789; x_wconf 91' lang='lat' dir='ltr'>condam</span> <span class='ocrx_word' id='word_1_167' title='bbox 1283 2727 1413 2809; x_wconf 87' lang='lat' dir='ltr'>Mathye</span> <span class='ocrx_word' id='word_1_168' title='bbox 1442 2727 1550 2808; x_wconf 89' lang='lat' dir='ltr'>Supan</span> <span class='ocrx_word' id='word_1_169' title='bbox 1576 2725 1661 2802; x_wconf 92' lang='lat' dir='ltr'>dicti,</span> 
     </span>
     <span class='ocr_line' id='line_1_21' title="bbox 402 2832 1661 2915; baseline -0.001 -23"><span class='ocrx_word' id='word_1_170' title='bbox 402 2833 553 2914; x_wconf 92' lang='lat' dir='ltr'>primum,</span> <span class='ocrx_word' id='word_1_171' title='bbox 578 2845 609 2893; x_wconf 91' lang='lat' dir='ltr'>et</span> <span class='ocrx_word' id='word_1_172' title='bbox 638 2833 767 2894; x_wconf 90' lang='lat' dir='ltr'>tandem</span> <span class='ocrx_word' id='word_1_173' title='bbox 800 2833 946 2894; x_wconf 90' lang='lat' dir='ltr'>similiter</span> <span class='ocrx_word' id='word_1_174' title='bbox 978 2834 1087 2895; x_wconf 89' lang='lat' dir='ltr'>relicta</span> <span class='ocrx_word' id='word_1_175' title='bbox 1120 2833 1254 2915; x_wconf 86' lang='lat' dir='ltr'>Georgii</span> <span class='ocrx_word' id='word_1_176' title='bbox 1286 2832 1343 2896; x_wconf 90' lang='lat' dir='ltr'>filii</span> <span class='ocrx_word' id='word_1_177' title='bbox 1378 2833 1511 2895; x_wconf 88' lang='lat' dir='ltr'>Fabiani</span> <span class='ocrx_word' id='word_1_178' title='bbox 1537 2832 1575 2892; x_wconf 92' lang='lat' dir='ltr'>de</span> <span class='ocrx_word' id='word_1_179' title='bbox 1600 2832 1661 2892; x_wconf 89' lang='lat' dir='ltr'>Ra·</span> 
     </span>
     <span class='ocr_line' id='line_1_22' title="bbox 401 2937 1662 3021; baseline 0 -23"><span class='ocrx_word' id='word_1_180' title='bbox 401 2941 507 3020; x_wconf 88' lang='lat' dir='ltr'>karya,</span> <span class='ocrx_word' id='word_1_181' title='bbox 533 2937 696 3021; x_wconf 88' lang='lat' dir='ltr'>quandam</span> <span class='ocrx_word' id='word_1_182' title='bbox 721 2939 907 3020; x_wconf 89' lang='lat' dir='ltr'>porcionem</span> <span class='ocrx_word' id='word_1_183' title='bbox 934 2940 1093 3002; x_wconf 85' lang='lat' dir='ltr'>vinealem</span> <span class='ocrx_word' id='word_1_184' title='bbox 1116 2941 1147 3002; x_wconf 94' lang='lat' dir='ltr'>in</span> <span class='ocrx_word' id='word_1_185' title='bbox 1172 2941 1333 3002; x_wconf 90' lang='lat' dir='ltr'>territorio</span> <span class='ocrx_word' id='word_1_186' title='bbox 1361 2940 1497 3001; x_wconf 88' lang='lat' dir='ltr'>civitatis</span> <span class='ocrx_word' id='word_1_187' title='bbox 1521 2938 1662 3021; x_wconf 86' lang='lat' dir='ltr'>predicte</span> 
     </span>
     <span class='ocr_line' id='line_1_23' title="bbox 401 3044 1660 3128; baseline 0.001 -25"><span class='ocrx_word' id='word_1_188' title='bbox 401 3044 482 3105; x_wconf 90' lang='lat' dir='ltr'>inter</span> <span class='ocrx_word' id='word_1_189' title='bbox 506 3045 602 3106; x_wconf 87' lang='lat' dir='ltr'>aliam</span> <span class='ocrx_word' id='word_1_190' title='bbox 627 3045 814 3126; x_wconf 85' lang='lat' dir='ltr'>porcionem</span> <span class='ocrx_word' id='word_1_191' title='bbox 840 3065 931 3106; x_wconf 91' lang='lat' dir='ltr'>suam</span> <span class='ocrx_word' id='word_1_192' title='bbox 955 3047 1114 3108; x_wconf 86' lang='lat' dir='ltr'>vinealem</span> <span class='ocrx_word' id='word_1_193' title='bbox 1138 3061 1168 3108; x_wconf 89' lang='lat' dir='ltr'>et</span> <span class='ocrx_word' id='word_1_194' title='bbox 1193 3047 1274 3109; x_wconf 89' lang='lat' dir='ltr'>inter</span> <span class='ocrx_word' id='word_1_195' title='bbox 1297 3047 1483 3128; x_wconf 91' lang='lat' dir='ltr'>porcionem</span> <span class='ocrx_word' id='word_1_196' title='bbox 1502 3044 1660 3105; x_wconf 85' lang='lat' dir='ltr'>vinealem</span> 
     </span>
     <span class='ocr_line' id='line_1_24' title="bbox 400 3151 1661 3234; baseline 0.001 -25"><span class='ocrx_word' id='word_1_197' title='bbox 400 3170 455 3211; x_wconf 91' lang='lat' dir='ltr'>seu</span> <span class='ocrx_word' id='word_1_198' title='bbox 480 3151 607 3211; x_wconf 89' lang='lat' dir='ltr'>vineam</span> <span class='ocrx_word' id='word_1_199' title='bbox 633 3152 732 3212; x_wconf 87' lang='lat' dir='ltr'>Marci</span> <span class='ocrx_word' id='word_1_200' title='bbox 758 3151 910 3212; x_wconf 90' lang='lat' dir='ltr'>Zwechar</span> <span class='ocrx_word' id='word_1_201' title='bbox 941 3154 981 3213; x_wconf 88' lang='lat' dir='ltr'>ab</span> <span class='ocrx_word' id='word_1_202' title='bbox 1014 3153 1127 3214; x_wconf 91' lang='lat' dir='ltr'>eadem</span> <span class='ocrx_word' id='word_1_203' title='bbox 1152 3153 1305 3234; x_wconf 91' lang='lat' dir='ltr'>porcione</span> <span class='ocrx_word' id='word_1_204' title='bbox 1339 3153 1456 3213; x_wconf 89' lang='lat' dir='ltr'>vineali</span> <span class='ocrx_word' id='word_1_205' title='bbox 1481 3170 1538 3212; x_wconf 88' lang='lat' dir='ltr'>seu</span> <span class='ocrx_word' id='word_1_206' title='bbox 1570 3151 1661 3211; x_wconf 88' lang='lat' dir='ltr'>vinea</span> 
     </span>
     <span class='ocr_line' id='line_1_25' title="bbox 400 3257 1663 3339; baseline 0 -22"><span class='ocrx_word' id='word_1_207' title='bbox 400 3257 544 3320; x_wconf 90' lang='lat' dir='ltr'>eiusdem</span> <span class='ocrx_word' id='word_1_208' title='bbox 570 3258 668 3319; x_wconf 87' lang='lat' dir='ltr'>Marci</span> <span class='ocrx_word' id='word_1_209' title='bbox 693 3257 845 3319; x_wconf 80' lang='lat' dir='ltr'>Zvvechar</span> <span class='ocrx_word' id='word_1_210' title='bbox 870 3259 963 3320; x_wconf 89' lang='lat' dir='ltr'>sitam</span> <span class='ocrx_word' id='word_1_211' title='bbox 982 3272 1012 3320; x_wconf 87' lang='lat' dir='ltr'>et</span> <span class='ocrx_word' id='word_1_212' title='bbox 1034 3259 1245 3339; x_wconf 79' lang='lat' dir='ltr'>adjacentem,</span> <span class='ocrx_word' id='word_1_213' title='bbox 1269 3261 1328 3321; x_wconf 89' lang='lat' dir='ltr'>sub</span> <span class='ocrx_word' id='word_1_214' title='bbox 1346 3259 1439 3320; x_wconf 89' lang='lat' dir='ltr'>metis</span> <span class='ocrx_word' id='word_1_215' title='bbox 1465 3273 1496 3320; x_wconf 92' lang='lat' dir='ltr'>et</span> <span class='ocrx_word' id='word_1_216' title='bbox 1518 3257 1663 3320; x_wconf 88' lang='lat' dir='ltr'>terminis</span> 
     </span>
     <span class='ocr_line' id='line_1_26' title="bbox 401 3362 1662 3449; baseline 0 -25"><span class='ocrx_word' id='word_1_217' title='bbox 401 3362 608 3445; x_wconf 83' lang='lat' dir='ltr'>infrascriptis</span> <span class='ocrx_word' id='word_1_218' title='bbox 633 3364 726 3426; x_wconf 85' lang='lat' dir='ltr'>Petro</span> <span class='ocrx_word' id='word_1_219' title='bbox 752 3364 870 3449; x_wconf 86' lang='lat' dir='ltr'>lwsych</span> <span class='ocrx_word' id='word_1_220' title='bbox 896 3365 981 3426; x_wconf 93' lang='lat' dir='ltr'>dicto</span> <span class='ocrx_word' id='word_1_221' title='bbox 1006 3364 1073 3427; x_wconf 88' lang='lat' dir='ltr'>filio</span> <span class='ocrx_word' id='word_1_222' title='bbox 1091 3365 1246 3427; x_wconf 86' lang='lat' dir='ltr'>lohannis</span> <span class='ocrx_word' id='word_1_223' title='bbox 1270 3385 1328 3448; x_wconf 92' lang='lat' dir='ltr'>pro</span> <span class='ocrx_word' id='word_1_224' title='bbox 1361 3379 1482 3448; x_wconf 88' lang='lat' dir='ltr'>septem</span> <span class='ocrx_word' id='word_1_225' title='bbox 1507 3364 1577 3426; x_wconf 88' lang='lat' dir='ltr'>flor.</span> <span class='ocrx_word' id='word_1_226' title='bbox 1595 3363 1662 3424; x_wconf 90' lang='lat' dir='ltr'>auri</span> 
     </span>
     <span class='ocr_line' id='line_1_27' title="bbox 401 3470 988 3553; baseline 0.009 -25"><span class='ocrx_word' id='word_1_227' title='bbox 401 3470 545 3532; x_wconf 93' lang='lat' dir='ltr'>vendidit</span> <span class='ocrx_word' id='word_1_228' title='bbox 570 3485 725 3552; x_wconf 82' lang='lat' dir='ltr'>perpetuo</span> <span class='ocrx_word' id='word_1_229' title='bbox 750 3471 988 3553; x_wconf 86' lang='lat' dir='ltr'>possidendam.</span> 
     </span>
    </p>

    <p class='ocr_par' dir='ltr' id='par_1_4' title="bbox 401 3575 1664 4296">
     <span class='ocr_line' id='line_1_28' title="bbox 507 3575 1661 3659; baseline 0.001 -22"><span class='ocrx_word' id='word_1_230' title='bbox 507 3576 584 3638; x_wconf 92' lang='lat' dir='ltr'>ltem</span> <span class='ocrx_word' id='word_1_231' title='bbox 611 3577 672 3638; x_wconf 91' lang='lat' dir='ltr'>due</span> <span class='ocrx_word' id='word_1_232' title='bbox 698 3591 803 3659; x_wconf 90' lang='lat' dir='ltr'>partes</span> <span class='ocrx_word' id='word_1_233' title='bbox 828 3579 994 3638; x_wconf 87' lang='lat' dir='ltr'>cuiusdam</span> <span class='ocrx_word' id='word_1_234' title='bbox 1021 3579 1137 3640; x_wconf 87' lang='lat' dir='ltr'>domus</span> <span class='ocrx_word' id='word_1_235' title='bbox 1165 3593 1287 3640; x_wconf 83' lang='lat' dir='ltr'>mutate</span> <span class='ocrx_word' id='word_1_236' title='bbox 1321 3595 1351 3639; x_wconf 87' lang='lat' dir='ltr'>et</span> <span class='ocrx_word' id='word_1_237' title='bbox 1374 3575 1465 3640; x_wconf 87' lang='lat' dir='ltr'>fundi</span> <span class='ocrx_word' id='word_1_238' title='bbox 1491 3598 1526 3638; x_wconf 86' lang='lat' dir='ltr'>ac</span> <span class='ocrx_word' id='word_1_239' title='bbox 1551 3575 1661 3639; x_wconf 86' lang='lat' dir='ltr'>hedifi-</span> 
     </span>
     <span class='ocr_line' id='line_1_29' title="bbox 401 3682 1662 3766; baseline 0.002 -24"><span class='ocrx_word' id='word_1_240' title='bbox 401 3682 523 3743; x_wconf 89' lang='lat' dir='ltr'>ciorum</span> <span class='ocrx_word' id='word_1_241' title='bbox 550 3684 581 3744; x_wconf 92' lang='lat' dir='ltr'>in</span> <span class='ocrx_word' id='word_1_242' title='bbox 606 3685 762 3745; x_wconf 89' lang='lat' dir='ltr'>suburbio</span> <span class='ocrx_word' id='word_1_243' title='bbox 787 3685 923 3745; x_wconf 89' lang='lat' dir='ltr'>civitatis</span> <span class='ocrx_word' id='word_1_244' title='bbox 948 3685 1089 3766; x_wconf 88' lang='lat' dir='ltr'>predicte</span> <span class='ocrx_word' id='word_1_245' title='bbox 1122 3685 1204 3746; x_wconf 92' lang='lat' dir='ltr'>inter</span> <span class='ocrx_word' id='word_1_246' title='bbox 1229 3685 1344 3746; x_wconf 93' lang='lat' dir='ltr'>domos</span> <span class='ocrx_word' id='word_1_247' title='bbox 1368 3699 1398 3746; x_wconf 88' lang='lat' dir='ltr'>et</span> <span class='ocrx_word' id='word_1_248' title='bbox 1423 3683 1540 3746; x_wconf 85' lang='lat' dir='ltr'>fundos</span> <span class='ocrx_word' id='word_1_249' title='bbox 1565 3685 1662 3747; x_wconf 88' lang='lat' dir='ltr'>Blasii</span> 
     </span>
     <span class='ocr_line' id='line_1_30' title="bbox 401 3787 1662 3873; baseline 0.001 -23"><span class='ocrx_word' id='word_1_250' title='bbox 401 3787 547 3870; x_wconf 88' lang='lat' dir='ltr'>pellificis</span> <span class='ocrx_word' id='word_1_251' title='bbox 571 3805 601 3850; x_wconf 90' lang='lat' dir='ltr'>et</span> <span class='ocrx_word' id='word_1_252' title='bbox 627 3789 775 3870; x_wconf 84' lang='lat' dir='ltr'>Gregorii</span> <span class='ocrx_word' id='word_1_253' title='bbox 802 3791 908 3872; x_wconf 88' lang='lat' dir='ltr'>Repar</span> <span class='ocrx_word' id='word_1_254' title='bbox 933 3791 1051 3869; x_wconf 89' lang='lat' dir='ltr'>habite,</span> <span class='ocrx_word' id='word_1_255' title='bbox 1077 3792 1156 3852; x_wconf 90' lang='lat' dir='ltr'>duas</span> <span class='ocrx_word' id='word_1_256' title='bbox 1180 3806 1308 3873; x_wconf 87' lang='lat' dir='ltr'>quartas</span> <span class='ocrx_word' id='word_1_257' title='bbox 1337 3792 1422 3852; x_wconf 90' lang='lat' dir='ltr'>curie</span> <span class='ocrx_word' id='word_1_258' title='bbox 1448 3792 1478 3852; x_wconf 92' lang='lat' dir='ltr'>in</span> <span class='ocrx_word' id='word_1_259' title='bbox 1504 3812 1536 3852; x_wconf 92' lang='lat' dir='ltr'>se</span> <span class='ocrx_word' id='word_1_260' title='bbox 1562 3791 1662 3852; x_wconf 89' lang='lat' dir='ltr'>conti·</span> 
     </span>
     <span class='ocr_line' id='line_1_31' title="bbox 401 3895 1664 3980; baseline 0.002 -24"><span class='ocrx_word' id='word_1_261' title='bbox 401 3911 521 3974; x_wconf 88' lang='lat' dir='ltr'>nentes,</span> <span class='ocrx_word' id='word_1_262' title='bbox 537 3895 698 3958; x_wconf 88' lang='lat' dir='ltr'>Clementi</span> <span class='ocrx_word' id='word_1_263' title='bbox 712 3895 862 3979; x_wconf 85' lang='lat' dir='ltr'>frenipari</span> <span class='ocrx_word' id='word_1_264' title='bbox 873 3919 881 3974; x_wconf 92' lang='lat'>;</span> <span class='ocrx_word' id='word_1_265' title='bbox 893 3912 923 3959; x_wconf 87' lang='lat' dir='ltr'>et</span> <span class='ocrx_word' id='word_1_266' title='bbox 935 3899 1032 3960; x_wconf 90' lang='lat' dir='ltr'>tercia</span> <span class='ocrx_word' id='word_1_267' title='bbox 1047 3918 1118 3980; x_wconf 90' lang='lat' dir='ltr'>pars</span> <span class='ocrx_word' id='word_1_268' title='bbox 1132 3899 1276 3960; x_wconf 88' lang='lat' dir='ltr'>eiusdem</span> <span class='ocrx_word' id='word_1_269' title='bbox 1291 3899 1406 3960; x_wconf 89' lang='lat' dir='ltr'>domus</span> <span class='ocrx_word' id='word_1_270' title='bbox 1422 3911 1556 3977; x_wconf 87' lang='lat' dir='ltr'>mutate,</span> <span class='ocrx_word' id='word_1_271' title='bbox 1573 3897 1664 3958; x_wconf 84' lang='lat' dir='ltr'>fundi</span> 
     </span>
     <span class='ocr_line' id='line_1_32' title="bbox 402 4001 1663 4085; baseline 0.001 -22"><span class='ocrx_word' id='word_1_272' title='bbox 402 4017 432 4063; x_wconf 94' lang='lat' dir='ltr'>et</span> <span class='ocrx_word' id='word_1_273' title='bbox 457 4001 691 4082; x_wconf 86' lang='lat' dir='ltr'>hedificiorum,</span> <span class='ocrx_word' id='word_1_274' title='bbox 716 4023 812 4064; x_wconf 87' lang='lat' dir='ltr'>unam</span> <span class='ocrx_word' id='word_1_275' title='bbox 838 4018 982 4085; x_wconf 91' lang='lat' dir='ltr'>quartam</span> <span class='ocrx_word' id='word_1_276' title='bbox 1002 4005 1089 4065; x_wconf 89' lang='lat' dir='ltr'>curie</span> <span class='ocrx_word' id='word_1_277' title='bbox 1114 4004 1145 4065; x_wconf 93' lang='lat' dir='ltr'>in</span> <span class='ocrx_word' id='word_1_278' title='bbox 1171 4025 1202 4065; x_wconf 91' lang='lat' dir='ltr'>se</span> <span class='ocrx_word' id='word_1_279' title='bbox 1221 4005 1400 4082; x_wconf 91' lang='lat' dir='ltr'>continens,</span> <span class='ocrx_word' id='word_1_280' title='bbox 1426 4004 1555 4065; x_wconf 91' lang='lat' dir='ltr'>Thome</span> <span class='ocrx_word' id='word_1_281' title='bbox 1573 4002 1663 4065; x_wconf 85' lang='lat' dir='ltr'>fabro</span> 
     </span>
     <span class='ocr_line' id='line_1_33' title="bbox 402 4110 1664 4194; baseline 0.001 -25"><span class='ocrx_word' id='word_1_282' title='bbox 402 4123 449 4171; x_wconf 90' lang='lat' dir='ltr'>est</span> <span class='ocrx_word' id='word_1_283' title='bbox 472 4111 530 4170; x_wconf 92' lang='lat' dir='ltr'>sub</span> <span class='ocrx_word' id='word_1_284' title='bbox 556 4110 707 4191; x_wconf 93' lang='lat' dir='ltr'>pendenti</span> <span class='ocrx_word' id='word_1_285' title='bbox 731 4111 839 4191; x_wconf 90' lang='lat' dir='ltr'>sigillo</span> <span class='ocrx_word' id='word_1_286' title='bbox 858 4112 1099 4172; x_wconf 90' lang='lat' dir='ltr'>communitatis</span> <span class='ocrx_word' id='word_1_287' title='bbox 1115 4111 1359 4194; x_wconf 90' lang='lat' dir='ltr'>privilegialiter</span> <span class='ocrx_word' id='word_1_288' title='bbox 1375 4125 1490 4172; x_wconf 87' lang='lat' dir='ltr'>statuta</span> <span class='ocrx_word' id='word_1_289' title='bbox 1509 4124 1664 4193; x_wconf 88' lang='lat' dir='ltr'>perpetuo</span> 
     </span>
     <span class='ocr_line' id='line_1_34' title="bbox 403 4217 607 4296; baseline 0.01 -20"><span class='ocrx_word' id='word_1_290' title='bbox 403 4217 607 4296; x_wconf 85' lang='lat' dir='ltr'>possidenda.</span> 
     </span>
    </p>

    <p class='ocr_par' dir='ltr' id='par_1_5' title="bbox 400 4322 1666 4934">
     <span class='ocr_line' id='line_1_35' title="bbox 508 4322 1665 4407; baseline -0.002 -23"><span class='ocrx_word' id='word_1_291' title='bbox 508 4323 584 4384; x_wconf 89' lang='lat' dir='ltr'>ltem</span> <span class='ocrx_word' id='word_1_292' title='bbox 610 4324 742 4405; x_wconf 91' lang='lat' dir='ltr'>quidam</span> <span class='ocrx_word' id='word_1_293' title='bbox 761 4323 896 4406; x_wconf 90' lang='lat' dir='ltr'>(h)ortus</span> <span class='ocrx_word' id='word_1_294' title='bbox 921 4324 952 4385; x_wconf 93' lang='lat' dir='ltr'>in</span> <span class='ocrx_word' id='word_1_295' title='bbox 970 4325 1125 4386; x_wconf 90' lang='lat' dir='ltr'>suburbio</span> <span class='ocrx_word' id='word_1_296' title='bbox 1149 4325 1286 4385; x_wconf 91' lang='lat' dir='ltr'>civitatis</span> <span class='ocrx_word' id='word_1_297' title='bbox 1302 4324 1443 4407; x_wconf 89' lang='lat' dir='ltr'>predicte</span> <span class='ocrx_word' id='word_1_298' title='bbox 1469 4324 1551 4384; x_wconf 92' lang='lat' dir='ltr'>inter</span> <span class='ocrx_word' id='word_1_299' title='bbox 1567 4322 1665 4404; x_wconf 89' lang='lat' dir='ltr'>(h)or-</span> 
     </span>
     <span class='ocr_line' id='line_1_36' title="bbox 400 4428 1663 4512; baseline 0.001 -23"><span class='ocrx_word' id='word_1_300' title='bbox 400 4443 468 4489; x_wconf 94' lang='lat' dir='ltr'>tum</span> <span class='ocrx_word' id='word_1_301' title='bbox 495 4429 659 4491; x_wconf 90' lang='lat' dir='ltr'>Michaelis</span> <span class='ocrx_word' id='word_1_302' title='bbox 684 4429 852 4512; x_wconf 86' lang='lat' dir='ltr'>freniparis</span> <span class='ocrx_word' id='word_1_303' title='bbox 876 4428 934 4492; x_wconf 90' lang='lat' dir='ltr'>filii</span> <span class='ocrx_word' id='word_1_304' title='bbox 959 4430 1086 4491; x_wconf 93' lang='lat' dir='ltr'>Thome</span> <span class='ocrx_word' id='word_1_305' title='bbox 1114 4445 1144 4492; x_wconf 92' lang='lat' dir='ltr'>et</span> <span class='ocrx_word' id='word_1_306' title='bbox 1168 4430 1343 4491; x_wconf 91' lang='lat' dir='ltr'>liberorum</span> <span class='ocrx_word' id='word_1_307' title='bbox 1369 4431 1507 4491; x_wconf 88' lang='lat' dir='ltr'>condam</span> <span class='ocrx_word' id='word_1_308' title='bbox 1533 4429 1663 4490; x_wconf 91' lang='lat' dir='ltr'>Thome</span> 
     </span>
     <span class='ocr_line' id='line_1_37' title="bbox 402 4534 1662 4618; baseline 0.002 -24"><span class='ocrx_word' id='word_1_309' title='bbox 402 4534 440 4594; x_wconf 93' lang='lat' dir='ltr'>de</span> <span class='ocrx_word' id='word_1_310' title='bbox 460 4534 605 4618; x_wconf 86' lang='lat' dir='ltr'>Gorycza</span> <span class='ocrx_word' id='word_1_311' title='bbox 624 4537 760 4615; x_wconf 88' lang='lat' dir='ltr'>habitus,</span> <span class='ocrx_word' id='word_1_312' title='bbox 777 4556 833 4618; x_wconf 91' lang='lat' dir='ltr'>per</span> <span class='ocrx_word' id='word_1_313' title='bbox 850 4537 1087 4598; x_wconf 88' lang='lat' dir='ltr'>commissarios</span> <span class='ocrx_word' id='word_1_314' title='bbox 1105 4551 1136 4598; x_wconf 92' lang='lat' dir='ltr'>et</span> <span class='ocrx_word' id='word_1_315' title='bbox 1156 4551 1341 4598; x_wconf 86' lang='lat' dir='ltr'>executores</span> <span class='ocrx_word' id='word_1_316' title='bbox 1358 4537 1463 4597; x_wconf 91' lang='lat' dir='ltr'>ultimi</span> <span class='ocrx_word' id='word_1_317' title='bbox 1482 4537 1662 4598; x_wconf 91' lang='lat' dir='ltr'>testamenti</span> 
     </span>
     <span class='ocr_line' id='line_1_38' title="bbox 402 4641 1664 4724; baseline 0.002 -24"><span class='ocrx_word' id='word_1_318' title='bbox 402 4641 539 4703; x_wconf 85' lang='lat' dir='ltr'>verbalis</span> <span class='ocrx_word' id='word_1_319' title='bbox 563 4643 700 4703; x_wconf 88' lang='lat' dir='ltr'>condam</span> <span class='ocrx_word' id='word_1_320' title='bbox 733 4643 859 4704; x_wconf 89' lang='lat' dir='ltr'>Nicolai</span> <span class='ocrx_word' id='word_1_321' title='bbox 892 4643 969 4704; x_wconf 91' lang='lat' dir='ltr'>dicti</span> <span class='ocrx_word' id='word_1_322' title='bbox 1002 4643 1148 4722; x_wconf 90' lang='lat' dir='ltr'>Chehko,</span> <span class='ocrx_word' id='word_1_323' title='bbox 1179 4642 1303 4724; x_wconf 86' lang='lat' dir='ltr'>prelato</span> <span class='ocrx_word' id='word_1_324' title='bbox 1338 4641 1487 4704; x_wconf 90' lang='lat' dir='ltr'>Michaeli</span> <span class='ocrx_word' id='word_1_325' title='bbox 1513 4641 1664 4724; x_wconf 85' lang='lat' dir='ltr'>frenipari</span> 
     </span>
     <span class='ocr_line' id='line_1_39' title="bbox 402 4747 1666 4832; baseline 0.002 -24"><span class='ocrx_word' id='word_1_326' title='bbox 402 4761 448 4808; x_wconf 92' lang='lat' dir='ltr'>est</span> <span class='ocrx_word' id='word_1_327' title='bbox 472 4747 621 4808; x_wconf 89' lang='lat' dir='ltr'>venditus</span> <span class='ocrx_word' id='word_1_328' title='bbox 646 4763 802 4831; x_wconf 87' lang='lat' dir='ltr'>perpetuo</span> <span class='ocrx_word' id='word_1_329' title='bbox 826 4749 1039 4831; x_wconf 90' lang='lat' dir='ltr'>possidendus</span> <span class='ocrx_word' id='word_1_330' title='bbox 1064 4765 1094 4812; x_wconf 90' lang='lat' dir='ltr'>et</span> <span class='ocrx_word' id='word_1_331' title='bbox 1118 4750 1290 4832; x_wconf 89' lang='lat' dir='ltr'>superinde</span> <span class='ocrx_word' id='word_1_332' title='bbox 1319 4763 1365 4811; x_wconf 90' lang='lat' dir='ltr'>est</span> <span class='ocrx_word' id='word_1_333' title='bbox 1389 4749 1481 4811; x_wconf 83' lang='lat' dir='ltr'>litera</span> <span class='ocrx_word' id='word_1_334' title='bbox 1504 4751 1563 4810; x_wconf 88' lang='lat' dir='ltr'>sub</span> <span class='ocrx_word' id='word_1_335' title='bbox 1590 4769 1666 4831; x_wconf 91' lang='lat' dir='ltr'>pen·</span> 
     </span>
     <span class='ocr_line' id='line_1_40' title="bbox 402 4853 1070 4934; baseline 0.006 -21"><span class='ocrx_word' id='word_1_336' title='bbox 402 4853 489 4914; x_wconf 90' lang='lat' dir='ltr'>denti</span> <span class='ocrx_word' id='word_1_337' title='bbox 514 4853 620 4934; x_wconf 87' lang='lat' dir='ltr'>sigillo</span> <span class='ocrx_word' id='word_1_338' title='bbox 645 4855 889 4916; x_wconf 90' lang='lat' dir='ltr'>communitatis</span> <span class='ocrx_word' id='word_1_339' title='bbox 913 4870 1070 4919; x_wconf 88' lang='lat' dir='ltr'>emanata.</span> 
     </span>
    </p>

    <p class='ocr_par' dir='ltr' id='par_1_6' title="bbox 403 4959 1666 5151">
     <span class='ocr_line' id='line_1_41' title="bbox 507 4959 1666 5028; baseline 0.003 -9"><span class='ocrx_word' id='word_1_340' title='bbox 507 4959 583 5020; x_wconf 89' lang='lat' dir='ltr'>ltem</span> <span class='ocrx_word' id='word_1_341' title='bbox 610 4960 711 5022; x_wconf 89' lang='lat' dir='ltr'>Elena</span> <span class='ocrx_word' id='word_1_342' title='bbox 735 4960 800 5023; x_wconf 87' lang='lat' dir='ltr'>filia</span> <span class='ocrx_word' id='word_1_343' title='bbox 831 4961 968 5024; x_wconf 89' lang='lat' dir='ltr'>condam</span> <span class='ocrx_word' id='word_1_344' title='bbox 1002 4963 1163 5026; x_wconf 88' lang='lat' dir='ltr'>Valentini</span> <span class='ocrx_word' id='word_1_345' title='bbox 1196 4965 1378 5027; x_wconf 89' lang='lat' dir='ltr'>stacionarii</span> <span class='ocrx_word' id='word_1_346' title='bbox 1412 4985 1499 5028; x_wconf 90' lang='lat' dir='ltr'>nunc</span> <span class='ocrx_word' id='word_1_347' title='bbox 1534 4983 1666 5026; x_wconf 88' lang='lat' dir='ltr'>consors</span> 
     </span>
     <span class='ocr_line' id='line_1_42' title="bbox 403 5065 1662 5151; baseline 0.006 -27"><span class='ocrx_word' id='word_1_348' title='bbox 403 5065 557 5144; x_wconf 88' lang='lat' dir='ltr'>legittima</span> <span class='ocrx_word' id='word_1_349' title='bbox 583 5065 715 5148; x_wconf 85' lang='lat' dir='ltr'>Georgii</span> <span class='ocrx_word' id='word_1_350' title='bbox 739 5069 864 5130; x_wconf 89' lang='lat' dir='ltr'>clientis</span> <span class='ocrx_word' id='word_1_351' title='bbox 880 5067 936 5130; x_wconf 89' lang='lat' dir='ltr'>lilii</span> <span class='ocrx_word' id='word_1_352' title='bbox 956 5069 1083 5133; x_wconf 85' lang='lat' dir='ltr'>Andree</span> <span class='ocrx_word' id='word_1_353' title='bbox 1101 5071 1139 5132; x_wconf 93' lang='lat' dir='ltr'>de</span> <span class='ocrx_word' id='word_1_354' title='bbox 1160 5072 1363 5151; x_wconf 86' lang='lat' dir='ltr'>Zethkowcz,</span> <span class='ocrx_word' id='word_1_355' title='bbox 1382 5071 1524 5133; x_wconf 89' lang='lat' dir='ltr'>concivis</span> <span class='ocrx_word' id='word_1_356' title='bbox 1543 5083 1662 5150; x_wconf 89' lang='lat' dir='ltr'>nostra,</span> 
     </span>
    </p>
   </div>
   <div class='ocr_carea' id='block_1_2' title="bbox 0 0 1926 5810">
    <p class='ocr_par' dir='ltr' id='par_1_7' title="bbox 0 0 1926 5810">
     <span class='ocr_line' id='line_1_43' title="bbox 0 0 1926 5810; baseline 0 0"><span class='ocrx_word' id='word_1_357' title='bbox 0 0 1926 5810; x_wconf 95' lang='lat' dir='ltr'> </span> 
     </span>
    </p>
   </div>
  </div>
 </body>
</html>
