3854 5798
721 1515 849 1618 (Anno
877 1513 1033 1602 Domini
1059 1511 1345 1614 noctem.)

398 1873 488 1950 Item
517 1873 551 1948 in
581 1895 674 1948 anno
712 1869 857 1947 Domini
895 1871 1083 1947 millesimo
1121 1870 1476 1970 quadringentesimo
1516 1877 1662 1969 septua-

401 1998 556 2098 gesimo,
584 2004 750 2092 tempore
764 1994 946 2092 judicatus
966 1995 1031 2070 viri
1052 1995 1188 2095 providi
1210 2004 1249 2070 et
1268 1995 1517 2094 circumspecti
1547 1992 1662 2068 Bene-

403 2122 489 2198 dicti
517 2119 577 2196 filii
599 2118 763 2218 Georgii,
779 2118 910 2216 judicis
930 2119 1026 2195 dicte
1047 2114 1215 2210 civitatis
1244 2119 1335 2194 feria
1354 2125 1483 2218 quarta
1502 2119 1665 2217 proxima

400 2253 485 2322 ante
518 2244 650 2320 festum
671 2241 938 2318 Purificacionis
958 2243 1067 2319 beate
1088 2242 1200 2318 Marie
1220 2243 1367 2342 Virginis
1396 2242 1559 2342 proxime
1579 2265 1662 2317 ven·

402 2379 530 2463 turum,
559 2369 726 2468 (presens
755 2368 965 2442 kathemnm
994 2366 1129 2442 sactum
1159 2371 1230 2462 est)
1264 2389 1372 2465 super
1400 2365 1665 2464 registracione

400 2501 439 2568 et
466 2491 750 2591 consignatione
778 2491 961 2566 literarum
979 2490 1252 2590 privilegialium
1278 2490 1403 2564 civium
1423 2497 1462 2564 et
1489 2489 1663 2564 inhabita·

484 2623 604 2691 torum
629 2615 724 2690 dicte
754 2595 921 2702 civitatis
955 2614 1063 2688 modo
1093 2621 1131 2690 et
1159 2613 1284 2690 ordine
1311 2612 1562 2712 infrascriptis.

917 2882 981 2956 (31.
997 2877 1165 2956 januarii).

509 3021 594 3096 Quia
626 3021 760 3103 provida
793 3033 824 3080 et
854 3019 988 3086 honesta
1021 3019 1152 3080 domina
1187 3017 1387 3100 Margaretha
1412 3033 1524 3081 vocata
1558 3019 1669 3080 relicta

403 3128 540 3192 condam
566 3127 695 3190 Andree
720 3128 849 3190 sartoris
873 3126 993 3188 Radlar
1026 3125 1105 3186 olim
1139 3125 1280 3187 concivis
1311 3125 1411 3186 nostri
1444 3124 1501 3187 filii
1526 3125 1666 3188 condam

402 3235 527 3296 Alberti
553 3235 700 3296 similiter
725 3233 846 3294 Radler
870 3233 945 3295 dicti
963 3232 1003 3293 de
1022 3231 1173 3310 Kolham,
1190 3231 1332 3294 concivis
1349 3245 1467 3310 nostra,
1493 3251 1578 3294 nunc
1591 3251 1669 3293 vero

406 3360 537 3403 consors
561 3339 716 3421 legittima
743 3337 897 3420 Stephani
918 3339 1065 3400 similiter
1089 3339 1218 3400 sartoris
1235 3337 1458 3400 inhabitatoris
1483 3338 1567 3399 dicte
1592 3338 1670 3400 civi-

404 3447 477 3510 tatis
500 3445 558 3507 filii
583 3445 748 3524 Johannis,
766 3445 950 3527 propinavit
966 3445 1154 3526 porcionem
1172 3444 1288 3506 domus
1311 3464 1366 3506 sue
1384 3458 1508 3506 murare
1533 3445 1565 3506 in
1586 3445 1670 3506 dicta

404 3553 530 3616 civitate
554 3565 620 3613 tam
643 3552 742 3632 lignei
768 3571 865 3632 quarn
892 3550 1011 3632 lapidei
1035 3552 1153 3633 operis,
1185 3551 1216 3612 in
1242 3550 1326 3612 dicta
1360 3550 1501 3629 civitate,
1526 3571 1563 3612 ac
1587 3551 1670 3612 inter

405 3660 551 3738 domum,
576 3657 713 3720 fundum
738 3677 773 3719 ac
803 3657 952 3719 hedificia
984 3658 1128 3719 virorum
1163 3658 1373 3739 providorum
1405 3671 1436 3719 et
1459 3656 1669 3742 honestorum

405 3765 568 3828 Valentini
595 3764 759 3848 Saronych
784 3764 861 3825 dicti
887 3764 1023 3825 senioris
1046 3763 1161 3846 judicis
1186 3777 1216 3825 et
1241 3764 1406 3826 Michaelis
1430 3761 1488 3826 filii
1512 3764 1668 3843 eiusdem,

406 3871 446 3932 ab
471 3870 648 3948 occidente,
674 3889 822 3931 necnon
848 3890 865 3930 a
889 3883 979 3952 parte
1003 3870 1136 3932 orientis
1160 3869 1294 3951 provide
1324 3870 1468 3931 mulieris
1494 3870 1669 3931 Katherina

406 3990 518 4038 vocate
543 3975 609 4037 filie
634 3976 771 4037 condam
797 3976 918 4038 Mathie
942 3977 1081 4054 sartoris,
1113 3976 1254 4038 mediam
1281 3976 1314 4037 in
1337 3989 1406 4038 toto
1431 3976 1553 4037 curiam
1579 3977 1669 4036 inse

406 4083 637 4160 continentem,
662 4083 767 4164 ipsum
792 4082 930 4143 condam
963 4081 1127 4143 Andream
1151 4082 1271 4143 Radler
1302 4083 1342 4143 ab
1367 4082 1496 4162 egregio
1530 4081 1669 4143 condam

407 4187 509 4248 milite
546 4185 752 4250 Berenhardo
785 4186 969 4270 Grybinger
999 4188 1176 4269 empcionis
1207 4187 1301 4249 titulo
1333 4187 1506 4250 literatorie
1540 4185 1669 4249 concer-

407 4306 548 4372 nentem,
572 4293 650 4354 alias
675 4293 842 4375 capitaneo
868 4295 959 4355 castri
984 4295 1084 4356 sancti
1103 4293 1248 4375 Georgii,
1272 4307 1368 4376 prout
1392 4294 1453 4356 hoc
1478 4293 1613 4356 habetur
1637 4293 1669 4354 in

407 4399 547 4481 quadam
572 4399 662 4460 litera
694 4413 839 4482 tempore
872 4400 1030 4482 judicatus
1063 4401 1218 4462 Johannis
1249 4400 1365 4479 judicis
1396 4399 1454 4462 filii
1478 4401 1605 4463 Nicolai
1631 4401 1669 4461 de

407 4525 493 4567 anno
518 4505 691 4566 millesimo
717 4506 1037 4588 quadringentesimo
1070 4509 1341 4589 quinquagesimo
1366 4509 1398 4569 in
1423 4503 1505 4570 fe'sto
1531 4507 1671 4590 Epipha-

408 4611 534 4672 niarum
571 4631 628 4692 pro
654 4625 741 4693 parte
775 4612 875 4694 ipsius
908 4614 1037 4675 Andree
1070 4614 1189 4676 Radler
1221 4613 1376 4692 confecta,
1409 4635 1444 4676 ac
1472 4615 1575 4697 ipsam
1600 4609 1672 4696 post

408 4717 532 4777 obitum
546 4717 689 4778 eiusdem
708 4717 809 4799 ipsam
824 4719 1059 4799 Margaretham
1070 4721 1128 4782 rite
1142 4733 1400 4799 concernentem‚
1417 4739 1515 4782 unam
1532 4733 1672 4783 tantum-

409 4821 508 4881 modo
533 4835 679 4902 quartam
697 4824 783 4884 curie
809 4824 840 4884 in
858 4844 891 4886 se
905 4827 1135 4906 continentem,
1152 4826 1258 4888 eidem
1285 4827 1448 4909 Stephano
1472 4828 1585 4889 sartori
1603 4827 1671 4889 viro

409 4945 467 4988 suo
499 4929 700 5012 propinavit3
733 4929 864 4994 demum
897 4933 956 4993 viri
991 4933 1118 5015 providi
1150 4933 1342 4998 Valentinus
1374 4933 1481 4996 senior
1517 4933 1613 5016 judex
1637 4953 1672 4997 ac
