3816 5802
835 567 920 624 Anno
941 579 1036 644 1444.
1514 585 1557 648 47

395 779 471 838 ltem
499 777 691 838 Benedictus
723 774 808 838 lilius
837 775 1003 838 Michaelis
1036 778 1215 840 Sebastiani
1249 795 1436 861 procurator
1460 781 1552 861 legit·

288 885 386 946 timua
412 884 585 966 Raphaelis
610 883 665 944 lilii
685 884 825 944 Bozonis
849 898 880 944 et
897 881 1030 964 Georgii
1056 882 1112 946 lilii
1131 885 1286 946 lohannis
1305 886 1433 964 Donati,
1451 907 1550 968 quan-

288 989 361 1052 dam
395 991 528 1052 domum
561 1009 673 1050 eorum
706 1003 876 1067 muratam,
908 989 1005 1051 simul
1037 1009 1109 1052 cum
1144 989 1245 1052 fundo
1278 1007 1307 1053 et
1340 991 1497 1054 hedificiis
1520 1013 1555 1054 ac

288 1095 443 1178 (h)0rtuli‚
469 1111 555 1156 extra
572 1110 697 1178 portam
716 1095 901 1156 carnificum
921 1095 1074 1174 habitam,
1097 1118 1133 1160 ac
1150 1097 1221 1157 aliis
1240 1099 1361 1159 cunctis
1385 1097 1450 1159 auis
1465 1097 1555 1160 hedi-

287 1201 366 1264 ficiis
390 1223 488 1286 prope
513 1217 544 1264 et
568 1222 666 1284 penes
691 1202 826 1264 eaodem
844 1217 969 1284 portam
992 1203 1147 1283 habitam,
1171 1217 1234 1266 tres
1259 1219 1387 1285 quartas
1411 1205 1497 1267 curie
1522 1205 1554 1266 in

287 1328 320 1368 se
346 1311 576 1388 continentem,
603 1309 778 1371 Benedicto
801 1309 919 1370 Barber
950 1310 990 1370 de
1027 1311 1191 1372 Kralewcz
1223 1311 1368 1372 vendidit
1400 1324 1554 1393 perpetuo

289 1415 528 1496 possidendam.

393 1523 469 1584 ltem
495 1523 633 1604 quedam
664 1523 792 1602 domus,
827 1522 945 1585 fundus
970 1538 1001 1584 et
1032 1521 1179 1584 hedificia
1212 1523 1387 1584 liberorum
1415 1524 1553 1585 condam

289 1627 372 1689 Petri
398 1627 565 1710 freniparis
597 1630 629 1689 in
663 1629 734 1690 vico
768 1630 915 1692 exteriori
948 1643 1093 1690 autorum
1128 1629 1209 1690 inter
1234 1629 1349 1690 domos
1381 1643 1411 1690 et
1436 1626 1553 1690 lundos

288 1733 420 1816 Georgii
452 1735 609 1796 sellatoris
641 1735 734 1816 jurati
768 1737 866 1798 nostri
899 1736 1046 1796 moderni
1088 1733 1143 1796 lilii
1178 1735 1290 1796 Briccii
1323 1749 1352 1796 et
1385 1735 1545 1796 Francisci

286 1839 455 1923 freniparis
479 1860 515 1902 ac
539 1840 667 1902 Thome
701 1854 732 1902 et
765 1841 919 1903 Anthonii
953 1855 1099 1902 sutorum
1132 1841 1250 1919 habita,
1283 1861 1379 1902 unam
1405 1855 1552 1922 quartam

287 1947 374 2008 curie
399 1947 429 2008 in
454 1967 486 2007 se
512 1947 691 2026 continens,
715 1961 761 2008 est
785 1967 840 2030 per
871 1961 972 2010 totam
1006 1947 1270 2020 communitatem
1297 1968 1313 2008 a
1337 1960 1495 2028 proventu
1521 1960 1552 2008 et

287 2072 383 2114 censu
407 2054 537 2114 annuali
563 2055 659 2115 unius
683 2053 752 2116 flor.
778 2055 846 2116 auri
871 2053 902 2115 in
921 2068 1112 2136 perpetuum
1137 2053 1269 2114 liberata
1295 2067 1325 2113 et
1349 2067 1396 2114 est
1420 2053 1548 2114 vendita

287 2160 368 2242 Elye
392 2161 490 2222 sutori
516 2159 582 2223 lilio
609 2161 761 2243 Stephani
800 2179 886 2222 novo
911 2161 1034 2222 concivi
1064 2173 1173 2222 nostro
1202 2179 1259 2242 pro
1284 2173 1357 2220 octo
1382 2158 1451 2221 flor.
1480 2159 1545 2220 auri

288 2279 443 2347 perpetuo
467 2267 671 2348 possidenda.

393 2373 469 2434 ltem
495 2374 634 2454 quedam
660 2373 777 2435 domus
802 2374 908 2454 lignea
933 2387 964 2435 et
989 2371 1107 2434 fundus
1139 2391 1174 2433 ac
1199 2371 1345 2434 hedificia
1371 2373 1547 2433 liberorum

287 2481 422 2540 condam
441 2479 568 2543 Thorne
586 2481 626 2542 de
644 2481 767 2541 Nowak
793 2479 979 2562 episcopali,
1001 2479 1031 2539 in
1058 2478 1140 2540 dicta
1166 2479 1292 2540 civitate
1310 2493 1393 2539 retro
1412 2477 1545 2540 dotnutn

287 2601 442 2648 muratam
470 2601 501 2648 et
525 2585 661 2647 fundum
695 2586 860 2648 Benedicti
892 2585 1022 2646 sartoris
1053 2583 1110 2646 lilii
1137 2585 1265 2646 Andree
1298 2603 1398 2666 prope
1423 2599 1547 2666 portam

286 2692 421 2753 civitatis
446 2692 585 2774 predicte
604 2691 788 2754 carnificum
816 2691 934 2770 habita,
952 2704 1083 2772 propter
1100 2709 1164 2751 non
1187 2689 1387 2752 solucionem
1406 2705 1547 2752 taxarum

286 2813 316 2858 et
342 2812 470 2880 propter
507 2818 571 2859 non
609 2799 867 2880 complecionem
905 2811 935 2859 et
968 2797 1205 2858 exhibicionem
1239 2797 1478 2878 vigilatutarum
1515 2817 1550 2858 ac

285 2905 422 2966 aliorum
449 2904 632 2966 debitorum
657 2917 686 2966 et
719 2920 977 2986 opportunorum
1013 2904 1223 2965 servitiorum
1256 2917 1437 2965 nostrorum
1464 2923 1549 2964 com-

285 3011 432 3072 munium
458 3026 505 3072 est
528 3012 568 3072 ab
592 3011 638 3073 eis
662 3011 789 3094 penitus
813 3012 950 3072 alienata
975 3025 1007 3072 et
1036 3009 1140 3071 ablata
1173 3023 1204 3071 et
1228 3024 1274 3072 est
1300 3009 1423 3092 prelato
1449 3009 1549 3072 Bene·

285 3117 373 3179 dicto
397 3119 509 3180 sartori
542 3137 599 3198 pro
632 3118 725 3179 certis
757 3119 920 3199 peccuniis
951 3117 1080 3178 vendita
1114 3129 1270 3197 perpetuo
1302 3115 1495 3197 possidenda
1520 3131 1550 3178 et

284 3223 457 3301 superinde
482 3237 527 3284 est
552 3224 641 3284 litera
665 3225 724 3284 sub
750 3224 902 3304 pendenti
926 3223 1034 3302 sigillo
1059 3222 1299 3282 communitatis
1325 3235 1481 3283 emanata.

392 3328 468 3389 ltem
494 3328 633 3409 quedam
659 3348 730 3410 pars
755 3329 920 3389 cuiusdam
953 3341 1035 3389 terre
1065 3327 1194 3387 arabilis
1219 3327 1299 3388 circa
1326 3325 1446 3388 fontem
1476 3327 1548 3388 Kle-

285 3452 417 3495 nowecz
442 3433 560 3512 habita,
595 3435 676 3496 inter
709 3436 895 3515 porcionem
930 3433 1084 3494 Jankonis
1116 3431 1210 3513 jurati
1243 3431 1299 3492 lilii
1333 3432 1471 3492 condam
1497 3434 1547 3492 Jo-

286 3538 401 3599 hannis
426 3539 536 3621 Bolye‚
561 3553 592 3601 et
608 3540 669 3601 alia
692 3553 772 3601 terra
793 3540 1012 3621 Peschenycza
1031 3553 1142 3600 vocata
1163 3539 1192 3598 in
1212 3537 1374 3598 vicinitate
1394 3537 1549 3598 lohannis

285 3643 401 3724 judicis
433 3645 607 3727 Perowych
640 3645 758 3724 habita,
792 3662 837 3707 est
868 3659 983 3708 statuta
1015 3645 1152 3706 condam
1187 3643 1349 3706 Dorothee
1381 3642 1446 3706 filie
1470 3643 1548 3704 olim

286 3749 393 3812 Choni
427 3771 510 3812 nunc
542 3752 681 3813 consorti
717 3751 849 3834 Georgii
884 3752 999 3813 Jarrlini
1032 3765 1063 3812 et
1094 3769 1149 3832 per
1182 3769 1251 3811 eam
1276 3750 1381 3811 eidem
1407 3749 1549 3830 Georgio

286 3856 395 3938 Oxlyn
420 3858 488 3917 viro
512 3877 570 3918 suo
606 3872 652 3919 est
681 3856 922 3940 privilegialiter
954 3855 1140 3918 confirmata
1175 3871 1329 3938 perpetuo
1356 3855 1547 3937 possidenda

285 3965 359 4042 (sub
384 3963 503 4044 sigillo)
527 3965 766 4026 communitatis
791 3965 954 4046 pendenti.
