3816 5802
272 740 432 800 vasorum,
457 720 637 799 doleorum,
669 721 890 799 torcularium,
922 721 1113 784 scriniorum
1145 738 1176 786 et
1209 724 1346 786 aliorum
1379 743 1533 805 quorum-

272 829 349 890 libet
373 828 622 910 supellectilium
647 842 678 890 et
703 827 889 890 utensilium
914 843 978 890 tam
1008 829 1125 891 domus
1150 849 1247 911 quam
1273 831 1437 892 vinearum
1464 851 1532 913 pre·

271 934 426 996 dictarum
451 935 563 996 eadem
583 934 685 996 Elena
711 934 828 996 mulier
844 947 916 1018 post
932 949 1069 998 mortem
1085 955 1176 998 suam
1194 937 1283 1000 dedit
1304 937 1410 998 taliter
1432 937 1533 1019 possi·

271 1042 408 1104 dendam
432 1057 589 1125 perpetuo
614 1055 645 1104 et
669 1040 862 1121 habendam,
898 1056 933 1104 ut
963 1043 1030 1125 ipse
1056 1043 1209 1105 Nicolaus
1240 1043 1366 1106 ltalicus
1397 1044 1532 1106 eandem

270 1149 436 1211 dominam
462 1149 597 1211 Elenam
622 1148 781 1230 usquead
807 1163 945 1211 mortem
961 1169 1051 1210 suam
1069 1148 1247 1212 honorifice
1264 1165 1294 1212 et
1318 1151 1405 1211 bono
1432 1151 1532 1212 modo

270 1275 458 1318 conservare
482 1271 513 1317 et
537 1269 646 1318 tenere
671 1275 707 1316 ac
723 1269 885 1317 mortuam
910 1254 1086 1318 honorifice
1103 1257 1240 1339 sepelire
1257 1271 1288 1318 et
1308 1257 1415 1318 debita
1434 1257 1533 1340 ipsius

269 1383 302 1425 se
325 1361 365 1423 ad
391 1363 602 1443 quantitatem
627 1361 827 1443 septuaginta
853 1361 903 1423 vel
928 1363 1005 1424 citra
1036 1361 1104 1426 flor.
1129 1363 1199 1424 auri
1223 1363 1432 1426 extendentia
1457 1384 1528 1446 per-

269 1468 394 1530 solvere
419 1467 535 1530 debeat
558 1482 589 1529 et
619 1481 768 1530 teneatur
792 1481 823 1529 et
848 1467 1020 1550 superinde
1052 1467 1157 1532 eidem
1189 1469 1325 1531 Nicolao
1350 1469 1458 1532 ltalico
1483 1485 1529 1533 est

269 1575 360 1636 litera
383 1576 443 1636 sub
474 1573 627 1656 pendenti
651 1573 759 1654 sigillo
784 1575 1023 1636 communitatis
1056 1589 1213 1638 emanata.

375 1680 453 1744 Item
466 1694 534 1743 tota
547 1680 764 1742 communitas
776 1679 913 1742 civitatis
925 1680 1209 1762 Montisgrecenair
1218 1681 1379 1763 quandam
1397 1681 1530 1744 domum

269 1802 427 1850 muratam
452 1786 548 1848 simul
573 1807 645 1848 curn
672 1785 781 1848 lundis
805 1787 911 1848 eidem
936 1787 1048 1848 domui
1081 1801 1205 1850 mutate
1229 1789 1288 1850 sub
1312 1803 1343 1850 et
1367 1803 1451 1850 retro
1476 1787 1530 1850 sd·

269 1893 446 1974 jacentibus
470 1913 507 1955 ac
531 1891 688 1955 hedificiis
712 1893 791 1954 inihi
816 1891 933 1955 habitis
957 1907 987 1954 et
1020 1895 1210 1956 constructis
1235 1895 1268 1956 in
1293 1893 1376 1957 dicta
1401 1895 1531 1958 civitate

269 2000 351 2061 inter
376 1999 493 2061 domos
515 1999 664 2060 similiter
681 2013 820 2061 muratas
844 2013 875 2062 et
894 1998 1013 2063 lundos
1033 2021 1068 2062 ac
1086 1999 1233 2062 hedificiu
1257 2000 1456 2064 honorabilis
1473 2001 1530 2064 viri

270 2105 395 2167 domini
421 2105 587 2167 Michaelis
611 2105 778 2187 presbiteri
813 2107 959 2168 canonici
984 2107 1115 2170 ecclesie
1146 2107 1372 2189 zagrabiensis,
1396 2128 1413 2169 a
1438 2109 1531 2172 meri·

269 2213 376 2292 dione,
401 2227 431 2274 et
456 2211 588 2293 Georgii
615 2211 729 2274 Croaci
754 2211 847 2274 aliter
876 2213 1010 2297 Jurycza
1044 2215 1149 2276 vocati
1174 2235 1210 2277 ac
1235 2214 1365 2277 Thome
1389 2213 1475 2278 Galli
1500 2230 1533 2278 et

269 2319 397 2382 Martini
421 2319 548 2397 sutoris,
572 2339 589 2380 a
614 2319 845 2400 septemtrione
870 2319 1011 2382 habitant
1047 2336 1078 2382 et
1103 2321 1302 2400 existentem,
1327 2324 1366 2383 ab
1392 2341 1454 2384 una
1478 2324 1529 2384 via

268 2447 323 2487 seu
348 2426 454 2508 platea
478 2425 644 2486 communi
669 2425 708 2486 ab
733 2425 856 2488 oriente
882 2425 987 2488 habita
1007 2442 1038 2489 et
1066 2447 1167 2510 usque
1191 2428 1231 2490 ad
1248 2429 1345 2490 aliam
1369 2429 1454 2490 viam
1471 2449 1527 2492 seu

269 2533 406 2615 plateam
439 2551 644 2594 communem
677 2533 717 2593 ab
749 2531 916 2594 occidente
948 2532 1089 2596 habitam
1122 2554 1155 2596 se
1187 2535 1430 2615 extendentem,
1463 2555 1528 2598 me-

269 2640 354 2702 diam
381 2641 412 2702 in
437 2653 505 2702 toto
530 2639 651 2702 curiam
676 2639 716 2700 ad
742 2659 835 2701 usum
859 2640 997 2703 civitatis
1030 2639 1150 2723 prefate
1175 2643 1206 2703 in
1232 2663 1265 2705 se
1297 2645 1528 2722 continentem,

269 2766 363 2830 super
379 2747 646 2808 communitatem
664 2767 721 2828 pro
739 2766 804 2809 non
826 2747 994 2810 solucione
1009 2763 1153 2810 taxarum
1171 2749 1229 2810 rite
1243 2749 1439 2830 devolutam,
1456 2769 1527 2812 cum

268 2855 333 2915 suis
357 2853 563 2936 pertinenciis
587 2873 623 2914 ac
648 2873 720 2915 curn
753 2853 975 2916 additamento
1008 2869 1145 2937 quatuor
1177 2854 1246 2920 flor.
1271 2857 1339 2917 auri
1365 2856 1529 2918 Demetrio

268 2960 354 3022 dicto
380 2959 495 3044 Geplro
519 2959 587 3022 filio
612 2960 733 3022 Vrbani
763 2961 802 3022 de
834 2961 1013 3046 Zawersya,
1046 2975 1080 3022 ut
1112 2961 1237 3023 concivi
1269 2975 1389 3040 nostro,
1413 2982 1449 3024 ac
1473 2981 1530 3044 per

267 3087 341 3130 eum
365 3067 430 3129 suis
454 3066 626 3129 heredibus
650 3086 708 3149 pro
733 3067 873 3148 quadam
899 3067 998 3129 domo
1023 3087 1079 3128 sua
1097 3081 1221 3129 murata
1245 3080 1276 3130 et
1299 3066 1401 3129 fundo
1426 3069 1457 3129 in
1483 3067 1528 3129 vi·

267 3174 397 3236 ciuitate
422 3172 538 3234 domus
562 3187 685 3234 mutate
710 3187 741 3234 et
766 3171 857 3236 fundi
882 3173 966 3235 Petri
992 3172 1090 3235 ltalici
1114 3173 1225 3254 generi
1250 3173 1375 3235 Nicolai
1403 3173 1528 3255 Bogda·

267 3278 350 3362 nych
368 3279 486 3358 habita,
504 3279 559 3340 uhi
576 3277 698 3341 fontem
718 3281 957 3342 communitatis
973 3278 1108 3342 lecimus
1124 3299 1304 3363 preparare,
1321 3300 1377 3363 per
1394 3281 1526 3342 modum

267 3385 515 3456 permutationis
534 3399 565 3446 et
581 3387 761 3448 concambii
778 3386 866 3448 dedit
883 3400 1039 3470 perpetuo
1064 3385 1291 3469 possidendam
1310 3399 1340 3448 et
1356 3387 1527 3468 superinde

267 3507 313 3554 est
329 3492 420 3554 litera
437 3493 497 3554 sub
514 3491 665 3574 pendenti
683 3492 790 3573 sigillo
808 3493 1047 3557 communitatis
1069 3493 1174 3554 eidem
1189 3493 1353 3554 Demetrio
1370 3507 1526 3556 emanata.

372 3599 449 3660 ltem
475 3598 607 3659 domina
632 3603 740 3679 Agnes
765 3599 873 3660 relicta
906 3598 1043 3660 condam
1070 3598 1208 3660 Emerici
1233 3597 1290 3660 filii
1315 3599 1443 3660 Andree
1468 3597 1525 3661 filii

267 3704 449 3788 chheylto
482 3704 645 3786 quandam
678 3705 804 3766 vineam
836 3705 929 3766 sitam
963 3705 994 3766 in
1028 3706 1188 3768 territorio
1221 3705 1357 3766 civitatis
1386 3705 1526 3787 predicte

267 3812 347 3872 inter
371 3813 498 3872 vineam
525 3810 657 3892 Georgii
683 3811 758 3872 dicti
785 3811 925 3894 Brysych
954 3825 986 3874 et
1017 3813 1100 3873 inter
1122 3812 1237 3872 silvam
1261 3810 1395 3872 ecclesie
1419 3826 1525 3872 nostre

266 3918 456 4001 parochialis
480 3919 564 3981 beati
598 3918 695 3980 Marci
728 3919 933 3998 ewangeliste
966 3919 1126 3997 habitam,
1158 3918 1295 4000 desuper
1318 3938 1335 3980 a
1360 3918 1412 3978 via
1437 3939 1525 3980 com·

266 4027 355 4088 muni
380 4039 410 4087 et
435 4024 516 4087 inlra
540 4044 641 4106 usque
676 4025 815 4086 rivulum
842 4044 914 4085 cum
948 4025 1088 4106 virgulto
1120 4026 1181 4086 sibi
1213 4024 1389 4106 subjacenti
1413 4045 1446 4086 se
1471 4045 1525 4086 ex·

265 4133 461 4211 tendentem,
476 4153 548 4195 cum
562 4133 629 4194 suis
645 4131 852 4215 pertinenciis
871 4133 998 4217 Mathye
1016 4132 1156 4213 agricole
1174 4132 1346 4194 successori
1365 4131 1524 4193 Werchelt

265 4253 431 4322 procerte
457 4239 665 4321 pecuniarum
690 4239 868 4320 quantitate
894 4239 1038 4300 vendidit
1063 4253 1220 4321 perpetuo
1249 4239 1476 4321 possidendam
1495 4253 1525 4300 et

263 4347 434 4430 superinde
448 4363 493 4408 est
509 4347 600 4409 litera
617 4349 675 4409 sub
700 4347 854 4429 pendenti
878 4347 986 4427 sigillo
1010 4347 1250 4408 communitatis
1274 4361 1431 4410 emanata.

367 4455 444 4516 ltem
470 4453 678 4515 commissarii
704 4468 735 4516 et
759 4469 944 4515 executores
966 4453 1070 4514 ultimi
1094 4453 1277 4514 testamenti
1301 4453 1360 4513 viri
1385 4453 1523 4514 condam

263 4561 389 4643 providi
415 4561 547 4643 Georgii
573 4557 738 4642 lutifiguli,
763 4561 897 4622 domum
923 4559 1068 4621 eiusdem
1096 4559 1227 4640 Georgii
1253 4557 1403 4640 lutifiguli
1428 4560 1524 4621 simul

264 4688 336 4730 cum
362 4667 463 4731 lundo
487 4681 519 4730 et
542 4667 660 4729 celario
677 4669 886 4728 subterraneo
903 4685 939 4728 ac
963 4664 1121 4727 hedificiis
1138 4666 1170 4726 in
1189 4665 1271 4726 dicta
1298 4665 1425 4727 civitate
1442 4666 1525 4727 inter

264 4777 398 4838 domum
424 4777 599 4838 liberorum
625 4795 681 4836 seu
705 4792 925 4835 successorum
956 4772 1093 4835 condam
1128 4772 1212 4833 lwan
1239 4771 1387 4850 Owchar,
1411 4793 1429 4834 a
1453 4792 1523 4854 sep-

263 4883 446 4960 temtrione,
471 4897 502 4944 et
528 4883 618 4944 Pauli
642 4879 798 4943 carnificis
814 4901 850 4942 ac
876 4879 1009 4941 Fabiani
1027 4880 1140 4958 coci,a
1167 4878 1345 4940 meridione
1371 4879 1523 4957 habitam,

266 4991 325 5052 tria
350 4989 506 5072 quartalia
532 4989 617 5050 curie
643 4989 682 5049 ad
708 5007 801 5050 usum
825 4987 961 5051 civitatis
983 4987 1014 5048 in
1039 5007 1071 5050 se
1096 4986 1326 5068 continentem,
1350 4985 1426 5046 viris
1450 5005 1522 5072 pro·
