3840 5810
399 536 421 596 4
910 518 996 578 Anno
1019 532 1111 598 1441.

399 731 472 795 tatis
496 730 648 814 predicte,
679 731 738 792 sub
763 750 861 793 censu
893 731 992 793 medii
1024 731 1094 798 flor.
1125 733 1350 795 communitati
1383 752 1439 794 seu
1471 733 1582 796 comiti
1606 752 1666 815 pro

401 855 547 920 tempore
573 837 756 918 constituto,
788 852 862 900 suut
894 840 953 900 sub
986 839 1140 922 pendenti
1176 840 1283 922 sigillo
1308 840 1547 903 communitatis
1568 840 1665 923 privi-

401 945 559 1026 legialiter
583 943 783 1008 confirmate.

506 1052 583 1113 ltem
608 1051 751 1134 predicta
775 1052 869 1114 vinea
901 1053 1002 1134 ipsius
1031 1051 1188 1114 Anthonii
1213 1052 1322 1114 Koltol
1353 1073 1410 1136 per
1434 1052 1574 1116 eundem
1598 1058 1664 1115 An-

398 1159 548 1223 thonium
574 1160 682 1221 Kokol
708 1159 766 1242 ipsi
786 1159 962 1221 Benedicto
979 1160 1104 1238 sartori,
1122 1159 1237 1241 juram,
1263 1172 1310 1222 est
1330 1160 1462 1223 vendita
1485 1160 1590 1223 adhuc
1605 1182 1665 1244 pro

398 1281 482 1329 certa
506 1266 734 1348 peccuniarum
759 1266 938 1347 quantitate
962 1279 993 1328 et
1016 1265 1190 1348 superinde
1224 1265 1332 1328 eidem
1359 1266 1536 1329 Benedicto
1560 1266 1664 1350 jurato

396 1387 443 1436 est
467 1374 568 1436 eciam
594 1373 684 1434 litera
708 1375 768 1435 sub
793 1372 947 1455 pendenti
971 1373 1080 1453 sigillo
1104 1373 1350 1435 communitatis
1375 1387 1532 1437 emanata.

502 1479 581 1541 Item
606 1478 746 1560 quedam
779 1479 908 1558 domus,
941 1477 1071 1560 fundus,
1105 1479 1258 1541 celarium
1284 1494 1315 1542 et
1346 1479 1493 1542 hedificia
1524 1479 1662 1543 condam

396 1587 528 1648 domine
553 1585 728 1647 Katherine
764 1585 855 1646 aliter
890 1585 1053 1668 Kathycza
1088 1599 1200 1648 vocate
1228 1584 1294 1648 filie
1327 1587 1463 1648 condam
1497 1586 1663 1649 Michaelis

397 1692 587 1772 Sebastiani,
612 1711 675 1774 que
700 1691 838 1754 condam
864 1691 1025 1754 Leonardi
1051 1690 1155 1754 fratris
1180 1692 1283 1775 ipsius
1301 1691 1468 1754 Michaelis
1491 1692 1661 1776 prefuerat,

396 1800 478 1861 inter
501 1799 638 1861 domum
662 1811 694 1861 et
718 1797 854 1860 lundum
879 1798 1012 1861 domine
1036 1799 1238 1880 Margarethe
1255 1799 1365 1862 relicte
1389 1799 1527 1861 condam
1547 1800 1661 1863 Briccii

396 1905 512 1988 judicis
536 1919 567 1967 et
591 1906 675 1968 inter
705 1906 880 1967 stacionem
914 1905 1080 1968 Benedicti
1112 1903 1170 1968 filii
1207 1906 1306 1989 ipsius
1338 1906 1505 1968 Michaelis
1535 1905 1660 1988 judicis,

396 2012 536 2074 mediam
562 2012 684 2074 curiam
716 2025 747 2074 et
779 2011 918 2074 mediam
952 2025 1099 2074 octavam
1132 2013 1164 2074 in
1189 2033 1223 2074 se
1257 2013 1436 2093 continens,
1461 2033 1496 2075 ac
1520 2013 1660 2095 quedam

395 2134 477 2182 terra
510 2120 640 2181 arabilis
670 2133 756 2182 retro
789 2119 962 2181 claustrum
995 2120 1096 2182 sancti
1129 2120 1255 2182 Nicolai
1288 2119 1489 2200 confessoris,
1521 2135 1660 2202 quatuor

396 2227 566 2306 dictarum,
591 2240 622 2288 et
646 2226 708 2288 due
732 2227 890 2288 sessiones
914 2227 947 2288 in
968 2227 1128 2311 Pobresya
1147 2227 1247 2308 ipsius
1263 2227 1395 2288 domine
1419 2225 1605 2305 Katherine,
1622 2247 1658 2288 ex

395 2333 562 2414 legacione
586 2333 823 2394 testamentaria
856 2332 955 2413 ipsius
986 2333 1118 2395 domine
1152 2332 1325 2394 Katherine
1358 2332 1529 2393 Leonardo
1554 2330 1658 2412 jurato

394 2453 504 2501 nostro
537 2439 706 2517 moderno,
740 2439 856 2501 marito
887 2457 946 2500 suo
978 2438 1150 2519 legittimo,
1182 2452 1256 2499 sunt
1287 2439 1346 2499 sub
1371 2437 1525 2520 pendenti
1550 2438 1658 2520 sigillo

394 2545 634 2608 communitatis
657 2544 901 2627 privilegialiter
929 2543 1127 2606 confirmata.

498 2652 577 2716 Item
602 2653 682 2714 silva
708 2667 739 2714 et
770 2652 863 2712 vinee
895 2651 1019 2713 deserte
1051 2651 1188 2712 condam
1215 2650 1338 2734 Gaspar
1369 2651 1485 2714 literati
1512 2651 1544 2712 in
1567 2653 1657 2714 terri·

392 2760 477 2822 torio
501 2760 638 2822 civitatis
661 2759 803 2841 predicte
838 2758 920 2820 inter
952 2759 1081 2820 vineam
1107 2772 1137 2820 et
1168 2757 1283 2820 silvam
1316 2758 1493 2820 liberorum
1518 2758 1655 2820 condam

392 2866 549 2927 Anthonii
575 2864 757 2927 Schuchecz
782 2877 813 2926 et
837 2864 919 2926 inter
943 2863 1071 2926 vineam
1104 2883 1140 2924 ac
1165 2862 1318 2945 (h)ortum
1350 2883 1407 2925 seu
1431 2864 1595 2926 stabulum
1619 2884 1656 2926 ac

393 2971 552 3055 (h)oreum
576 2971 750 3050 Valentini,
775 2970 880 3052 jurati,
905 2969 962 3032 filii
981 2970 1059 3050 lwlt,
1083 2990 1139 3052 per
1164 2969 1328 3054 Mathyam
1352 2970 1492 3052 juratum
1510 2984 1654 3034 nostrum

392 3079 583 3141 modernum
608 3077 710 3139 filium
735 3076 876 3159 Mathye‚
910 3089 940 3137 et
970 3076 1177 3138 Katherinam
1212 3096 1248 3138 ac
1273 3077 1446 3139 Barbaram
1478 3077 1560 3139 filias
1584 3097 1653 3160 pre·

392 3185 468 3246 dicti
493 3184 616 3267 Gaspar
640 3183 756 3246 literati
781 3181 839 3244 filii
871 3182 1008 3244 condam
1035 3182 1152 3244 Cosme
1186 3181 1339 3245 aurifabri
1364 3197 1438 3245 sunt
1461 3183 1544 3246 inter
1568 3184 1655 3266 ipsos

392 3292 423 3352 in
448 3305 510 3352 tres
534 3305 640 3373 partes
664 3289 764 3350 divise
789 3303 821 3350 et
844 3288 1017 3370 superinde
1042 3301 1088 3349 est
1120 3287 1196 3370 ipsis
1220 3288 1311 3350 litera
1337 3289 1547 3371 privilegialis
1572 3289 1653 3350 divi-

390 3397 522 3459 sionalis
546 3398 604 3458 sub
629 3395 782 3478 pendenti
807 3395 914 3476 sigillo
939 3395 1180 3458 communitatis
1204 3394 1279 3476 ipsis
1302 3409 1459 3458 emanata.

389 3634 472 3706 ltem
501 3636 533 3704 in
563 3632 679 3722 vigilia
707 3631 784 3704 festi
812 3625 1065 3704 Purificacionis
1085 3634 1182 3705 beate
1201 3655 1334 3723 semper
1360 3636 1506 3723 virginis
1535 3633 1648 3706 Maria.

900 3787 941 3862 (l.
964 3787 1139 3863 februaria).

494 3926 572 3988 ltem
596 3926 787 3988 Valentinus
810 3925 895 3988 lilius
920 3926 1086 3988 Michaelis
1111 3927 1276 4010 Saronych
1301 3942 1331 3990 et
1356 3929 1523 3992 Emericus
1546 3943 1649 3992 sartor

388 4032 472 4095 filius
496 4033 633 4112 Nicolai,
657 4034 866 4095 commissarii
892 4048 923 4094 et
956 4049 1142 4096 executores
1166 4035 1272 4097 ultimi
1304 4037 1486 4098 testamenti
1510 4037 1649 4098 verbalis

387 4139 524 4200 condam
551 4137 703 4220 Stephani
728 4140 844 4200 literati
877 4139 933 4200 filii
964 4140 1142 4203 Clementis
1174 4141 1344 4220 Praudich‚
1376 4142 1540 4224 quandam
1573 4163 1647 4224 por-

387 4245 512 4306 cionem
538 4244 696 4305 vinealem
721 4243 835 4326 prefati
860 4245 997 4307 condam
1024 4245 1176 4328 Stephani
1196 4248 1312 4309 literati
1334 4249 1366 4308 in
1391 4249 1553 4310 territorio
1571 4250 1646 4310 civi-

386 4351 458 4412 tatis
482 4350 563 4410 inter
579 4351 705 4410 vineam
732 4351 865 4412 ecclesie
883 4352 966 4413 beati
986 4352 1084 4413 Marci
1107 4354 1313 4434 ewangeliste
1333 4360 1368 4415 'et
1385 4354 1467 4415 inter
1483 4356 1645 4436 quandam

384 4456 532 4517 similiter
555 4455 741 4536 porcionem
774 4457 935 4518 vinealem
968 4458 1142 4520 liberorum
1175 4460 1313 4521 condam
1348 4460 1461 4542 Kyrini
1492 4459 1646 4537 habitam,

384 4561 551 4623 Anthonio
582 4560 721 4622 carnifici
761 4561 829 4624 filio
861 4563 975 4624 Briccii
1007 4563 1165 4626 Joffanow
1204 4587 1263 4648 pro
1302 4580 1386 4628 certa
1418 4567 1645 4648 peccuniarum

384 4667 561 4749 quantitate
586 4667 775 4729 auctoritate
800 4670 1018 4731 commissaria
1051 4671 1268 4733 vendiderunt
1298 4687 1454 4755 perpetuo
1480 4673 1643 4754 possiden·

384 4773 456 4834 dam
483 4787 514 4834 et
538 4773 710 4854 superinde
736 4774 841 4835 eidem
866 4775 1033 4836 Anthonio
1059 4776 1197 4838 carnifici
1220 4791 1266 4839 est
1291 4778 1381 4840 litera
1406 4781 1465 4840 sub
1491 4779 1643 4862 pendenti

383 4879 490 4958 sigillo
516 4881 756 4942 communitatis
782 4893 938 4942 emanata.

488 4985 565 5045 ltem
590 4985 706 5046 domus
730 4986 834 5066 lignea
860 4987 967 5048 totalis
990 4989 1085 5049 simul
1111 5009 1183 5050 cum
1212 4989 1338 5052 duabus
1362 4992 1560 5054 stacionibus
1584 4993 1643 5072 lig-
