3816 5802
369 547 431 607 ¹⁰4
896 527 982 584 Auno
1007 539 1099 604 1449.

472 739 550 801 Item
575 739 727 800 dominus
751 737 895 800 ericus
926 757 1034 799 comes
1059 738 1153 814 Cilic,
1186 737 1401 818 Ortenburge,
1428 737 1631 818 Zagorieque

366 867 474 910 comes
497 861 568 926 etc,
592 867 627 908 ac
652 846 742 927 regni
768 845 960 908 Sclauoniae
992 846 1105 924 banus,
1134 845 1285 906 dominus
1317 859 1423 906 noster
1453 843 1629 926 graciosus,

365 955 497 1017 totalem
522 954 710 1036 porcionem
736 952 864 1013 Martini
897 950 1011 1031 judicis
1043 949 1100 1012 filii
1134 950 1264 1012 Thome
1295 950 1326 1012 io
1364 950 1504 1031 quadam
1529 950 1629 1011 domo

366 1075 489 1123 murata
514 1075 545 1121 et
569 1059 688 1121 celario
711 1059 921 1120 subterraneo
955 1070 1082 1119 murato
1107 1071 1138 1120 et
1168 1056 1365 1119 stationibus
1389 1057 1536 1119 similiter
1560 1076 1630 1118 mu-

366 1168 452 1246 ratis,
477 1181 507 1229 et
531 1165 633 1228 tundo
659 1185 694 1226 ac
719 1162 877 1226 hedificiis
901 1165 933 1224 in
959 1163 1042 1226 dicta
1072 1163 1199 1225 civitate
1217 1163 1299 1225 inter
1323 1163 1456 1224 domum
1482 1163 1631 1225 similiter

366 1287 524 1335 muratam
550 1288 580 1333 et
604 1270 740 1334 fundum
765 1291 800 1332 ac
818 1267 966 1332 hedificia
991 1269 1154 1332 Valentini
1172 1268 1287 1350 judicis
1311 1269 1367 1331 filii
1394 1269 1572 1349 Michaelis,
1590 1271 1631 1331 ab

366 1380 545 1457 occidente,
571 1391 602 1440 et
627 1377 801 1439 Katherine
834 1377 979 1438 mulieris
1010 1373 1076 1438 filie
1108 1375 1246 1438 condam
1273 1375 1401 1460 Mathye
1426 1377 1566 1454 sartoris,
1591 1379 1631 1438 ab

366 1488 489 1550 oriente
513 1487 572 1548 sita
609 1485 762 1564 habitam,
789 1484 893 1566 ipsum
926 1483 1048 1544 scilicet
1081 1483 1256 1544 Martinum
1288 1481 1429 1563 judicem
1454 1483 1630 1546 literatorie

368 1606 636 1669 concernentem,
669 1610 766 1652 unam
798 1589 948 1652 videlicet
980 1602 1126 1670 quartam
1159 1589 1245 1650 curie
1278 1589 1309 1650 in
1343 1609 1377 1651 se
1401 1589 1632 1667 continentem,

367 1719 463 1781 super
488 1699 592 1780 ipsum
618 1698 788 1759 dominum
813 1696 974 1757 ericum
996 1695 1148 1757 comitem
1166 1709 1296 1777 propter
1311 1707 1415 1758 certos
1438 1714 1584 1756 excessus
1602 1709 1633 1758 et

370 1805 480 1887 culpas
504 1805 603 1886 ipsius
628 1803 757 1865 Martini
783 1801 898 1882 judicis
921 1815 1031 1864 contra
1049 1801 1188 1863 eundem
1213 1800 1383 1862 dominum
1409 1801 1552 1863 Vlricum
1578 1821 1632 1864 co·

366 1911 476 1972 mitem
503 1923 643 1993 patratos
666 1923 697 1970 et
721 1909 908 1970 commissas
943 1907 1128 1969 devolutam
1154 1921 1184 1969 et
1208 1907 1469 1986 condescensum,
1494 1909 1630 1970 domino

367 2017 554 2080 Bernhardo
579 2017 674 2078 militi
699 2015 883 2098 Gribynger
908 2014 1109 2077 marschallro
1126 2015 1213 2076 curie
1236 2034 1291 2076 sue
1315 2033 1374 2096 pro
1398 2012 1549 2076 fidelibus
1565 2035 1629 2077 ser·

366 2124 458 2186 viciis
490 2124 556 2184 suis
589 2123 723 2184 donavit
745 2137 902 2204 perpetuo
926 2122 1174 2204 possidendam
1214 2135 1244 2182 et
1275 2121 1408 2183 totalem
1441 2123 1630 2204 porcionem

369 2229 544 2292 Katherine
580 2229 724 2290 mulieris
756 2227 848 2289 aliter
880 2227 1042 2312 Kathycza
1075 2240 1185 2289 vocate
1217 2226 1282 2290 filie
1315 2227 1452 2289 condam
1479 2226 1633 2310 Gasparis

367 2335 496 2413 literati,
521 2335 554 2395 in
579 2334 692 2396 eadem
718 2334 817 2395 domo
851 2349 974 2394 murata
1000 2347 1031 2396 et
1063 2333 1180 2396 celario
1213 2337 1421 2396 subterraneo
1445 2349 1571 2396 murato
1597 2356 1633 2397 ac

367 2439 470 2502 fundo
494 2455 525 2503 et
557 2439 713 2502 hedificiis
743 2439 897 2518 habitam,
931 2461 1027 2502 unam
1061 2441 1208 2503 similiter
1243 2455 1388 2522 quartam
1422 2442 1509 2503 curie
1542 2441 1632 2503 inse

366 2548 598 2626 continentem,
616 2547 755 2609 lacobus
771 2547 894 2628 juratus
911 2561 1018 2609 noster
1035 2548 1210 2610 modernus
1226 2546 1311 2610 filius
1333 2548 1431 2610 Vlrici
1457 2549 1633 2632 Eberspek,

366 2653 511 2736 predicto
536 2652 671 2715 domino
697 2652 883 2715 Bernhardo
919 2653 1013 2715 militi
1039 2673 1096 2736 pro
1121 2654 1234 2736 viginti
1267 2669 1339 2717 octo
1366 2654 1435 2716 flor.
1461 2655 1530 2716 auri
1556 2675 1632 2716 vcn-

367 2759 449 2820 didit
473 2773 628 2842 perpetuo
654 2758 894 2842 possidendam,
919 2773 949 2821 et
972 2759 1045 2820 ideo
1070 2760 1138 2842 ipsa
1155 2774 1221 2822 tota
1244 2761 1361 2822 domus
1386 2776 1509 2822 murata
1533 2762 1632 2823 simul

366 2885 439 2928 cum
463 2865 660 2928 stacionibus
685 2867 817 2926 muratis
842 2865 967 2926 duabus
991 2885 1026 2928 ac
1050 2867 1141 2928 totali
1171 2867 1289 2928 celario
1311 2869 1518 2930 subterraneo
1542 2867 1631 2929 sirni-

365 2972 437 3034 liter
454 2985 591 3050 murato,
616 2985 647 3034 et
670 2972 819 3050 cisterna,
844 2991 985 3033 necnon
1009 2969 1110 3034 fundo
1135 2987 1166 3034 et
1183 2972 1340 3035 hedificiis
1357 2973 1478 3036 ibidem
1503 2972 1630 3054 habitis,

365 3098 401 3141 ac
425 3079 495 3140 aliis
519 3079 641 3141 cunctis
664 3080 730 3140 suis
748 3079 940 3141 utilitatibus
960 3093 991 3140 et
1008 3081 1215 3161 pertinenciis
1239 3081 1395 3142 universis
1419 3079 1543 3162 prelato
1572 3079 1630 3143 do·

365 3185 455 3246 mino
481 3184 668 3249 Bernhardo
694 3185 800 3264 militi,
822 3199 857 3248 ut
881 3205 966 3248 novo
984 3187 1109 3248 concivi
1135 3201 1255 3265 nostro,
1272 3187 1372 3249 literis
1392 3187 1509 3249 nostris
1533 3187 1631 3270 privi-

367 3291 538 3372 legialibus
562 3291 698 3353 civitatis
722 3290 843 3373 prefate
869 3305 915 3354 est
943 3291 1131 3355 confirmata
1163 3307 1318 3376 perpetuo
1351 3294 1545 3376 possidenda
1569 3295 1630 3355 sub

366 3395 519 3479 pendenti
545 3397 652 3478 sigillo
676 3397 913 3460 communistis.

473 3501 549 3564 ltem
572 3503 685 3565 Petrus
701 3503 845 3565 literatus
862 3502 947 3566 filius
966 3505 1157 3585 Sebastiani,
1175 3508 1315 3568 concivis
1332 3521 1450 3586 noster,
1467 3508 1630 3589 quandam

367 3604 502 3668 domum
526 3627 618 3668 suam
642 3609 738 3670 simul
771 3629 843 3670 cum
876 3608 984 3671 lundis
1015 3624 1046 3672 et
1069 3610 1227 3674 hedificiis
1263 3613 1294 3673 in
1329 3613 1457 3676 civitate
1489 3614 1630 3695 predicta

367 3711 449 3772 inter
481 3712 597 3775 domos
630 3729 659 3776 et
691 3713 810 3776 fundos
842 3716 985 3778 virorum
1017 3717 1228 3798 providorum
1263 3719 1389 3782 Andree
1425 3721 1565 3798 sartoris,
1589 3723 1630 3782 ab

366 3817 543 3898 occidente,
557 3833 588 3881 et
599 3821 680 3881 Petri
696 3822 812 3882 sutoris
825 3841 861 3883 ac
876 3822 1042 3884 Michaelis
1053 3837 1083 3885 et
1097 3824 1181 3886 Petri
1195 3839 1353 3888 sartorum
1368 3846 1404 3888 ac
1416 3826 1513 3888 lwani
1529 3827 1630 3906 Turk,

366 3923 406 3984 ab
431 3924 565 4004 oriente,
590 3945 648 3987 nec
672 3947 737 3988 non
762 3929 843 3990 inter
862 3929 940 3990 duas
965 3929 1031 3991 vias
1048 3951 1104 3992 seu
1122 3931 1244 4013 plateas
1268 3951 1469 4010 communes,
1495 3953 1630 3996 unama

366 4029 545 4091 meridione
570 4044 600 4092 et
624 4033 719 4094 aliam
745 4036 1009 4116 aseptemtrione
1037 4037 1113 4098 sitas
1137 4037 1291 4116 habitam,
1316 4058 1434 4100 novem
1458 4054 1586 4120 quartas
1600 4055 1632 4102 et

366 4153 462 4195 unam
488 4149 633 4198 octavam
659 4139 747 4200 curie
773 4141 804 4200 in
838 4161 870 4202 se
895 4142 1126 4222 continentem,
1159 4143 1303 4206 Seboldo
1328 4144 1439 4228 Mayar
1471 4165 1529 4226 pro
1553 4166 1630 4227 qua-

366 4240 440 4301 dam
466 4241 565 4304 domo
589 4263 645 4304 sua
670 4259 700 4306 et
725 4245 826 4308 fundo
847 4268 883 4309 ac
900 4249 1018 4309 celario
1034 4250 1244 4311 subterraneo
1261 4270 1296 4312 ac
1319 4249 1477 4313 hedificiis
1502 4251 1534 4313 in
1559 4253 1631 4314 vico

366 4349 501 4410 Abbatis
526 4350 681 4430 Zagrahie
699 4351 819 4432 habito,
837 4373 909 4414 cum
928 4354 1148 4417 additamento
1164 4356 1294 4437 triginta
1313 4371 1344 4419 et
1361 4357 1456 4418 unius
1469 4357 1537 4420 flor.
1562 4360 1630 4420 auri

366 4473 423 4534 per
447 4454 581 4516 modum
606 4459 856 4538 permutacionis
874 4473 904 4521 et
925 4461 1104 4522 concambii
1123 4462 1212 4524 dedit
1229 4477 1385 4545 perpetuo
1402 4465 1631 4545 possidendam

366 4574 397 4620 et
420 4561 593 4640 superinde
618 4577 665 4625 est
689 4564 780 4626 litera
804 4567 863 4627 sub
892 4567 1047 4649 pendenti
1072 4568 1180 4650 sigillo
1205 4573 1446 4634 communitatis
1474 4589 1631 4638 emanata.

476 4665 554 4728 ltem
579 4668 681 4731 Elena
704 4671 821 4733 mulier
844 4673 952 4735 relicta
989 4674 1127 4735 condam
1153 4676 1217 4738 Viti
1246 4675 1304 4739 filii
1330 4678 1457 4741 Lucasii
1481 4681 1560 4742 olim
1584 4683 1632 4764 pi·

366 4771 460 4833 storis
484 4793 614 4854 panum,
648 4777 810 4857 quandam
845 4780 971 4842 vineam
1004 4801 1094 4843 suam
1131 4783 1163 4844 in
1197 4785 1358 4848 territorio
1389 4787 1526 4851 civitatis
1551 4789 1632 4851 inter

366 4875 475 4938 vineas
499 4877 673 4942 liberorum
699 4884 834 4946 condam
872 4886 1004 4967 Georgii
1039 4887 1202 4972 Sclrurych
1228 4905 1259 4953 et
1291 4891 1467 4955 liberorum
1491 4893 1628 4957 condam

367 4981 465 5044 Marci
489 4982 604 5066 judicis
621 4985 774 5069 habitam,
799 4991 937 5075 desuper
958 4993 1042 5056 avia
1068 4999 1232 5059 communi
1251 5013 1282 5061 et
1306 4997 1388 5062 inira
1415 5021 1517 5084 usque
1535 5022 1628 5086 quas·
