3840 5810
270 738 409 786 strorum
436 723 656 784 communium
683 741 738 805 per
762 721 900 784 eundem
928 723 1094 786 Vrbanum
1123 725 1197 804 illis,
1222 725 1340 806 quibus
1364 725 1482 786 decens
1506 739 1536 786 et

269 843 488 912 opportunum
514 829 584 908 fuit,
609 828 699 892 factis
723 843 753 890 et
778 829 929 911 inpensis,
953 849 1009 912 per
1041 831 1310 893 communitatem
1336 845 1381 894 est
1406 831 1534 893 vendita

269 951 425 1020 perpetuo
443 936 636 1020 possidenda
663 950 693 998 et
710 936 882 1018 superinde
900 951 946 998 est
962 937 1052 998 litera
1070 939 1129 999 sub
1147 939 1299 1021 pendenti
1323 939 1431 1019 sigillo
1448 958 1534 1000 com·

270 1045 435 1106 munitatis
459 1057 614 1106 emanata.

374 1150 453 1212 Item
479 1149 579 1210 Elena
603 1148 720 1210 mulier
743 1148 834 1212 aliter
860 1149 997 1210 Kusicza
1020 1165 1132 1212 vocata
1156 1151 1266 1212 relicta
1291 1151 1428 1213 condam
1461 1152 1534 1214 Cle·

271 1259 386 1320 mentis
410 1257 574 1334 institoris,
592 1255 797 1317 medietatem
816 1256 982 1317 cuiusdam
1000 1256 1127 1336 domus,
1146 1256 1249 1337 fundi,
1265 1260 1372 1320 celarii
1398 1274 1429 1322 et
1445 1259 1534 1322 hedi-

268 1364 415 1427 ficiorum
440 1364 472 1424 in
496 1363 621 1426 civitate
646 1362 787 1445 predicta
813 1363 895 1424 inter
928 1363 1043 1425 domos
1068 1379 1098 1425 et
1131 1363 1249 1426 fundos
1274 1366 1370 1428 Blasii
1397 1369 1533 1429 Kurrna·

269 1471 350 1558 nych
376 1483 407 1533 et
431 1471 581 1556 Symonis
602 1469 743 1552 agricole
767 1469 887 1548 habite,
913 1489 1010 1531 unam
1036 1484 1181 1552 quartam
1208 1471 1293 1534 curie
1319 1473 1351 1532 in
1375 1492 1408 1532 se
1433 1473 1532 1534 conti-

269 1593 411 1656 nentem,
436 1576 579 1658 Georgio
603 1574 671 1638 filio
697 1575 852 1638 Johannis
885 1576 925 1637 de
951 1575 1177 1660 Gerdethyncz
1201 1579 1346 1640 vendidit
1377 1594 1532 1660 perpetuo

274 1684 502 1767 possidendam
526 1697 557 1744 et
580 1683 752 1765 superinde
770 1696 816 1744 est
840 1683 931 1744 litera
948 1683 1158 1766 privilegialis
1173 1685 1232 1746 sub
1249 1685 1401 1766 pendenti
1426 1685 1532 1766 sigillo

269 1790 508 1853 communitatis
536 1803 694 1852 emanata.

374 1896 451 1958 item
475 1895 631 1959 medietas
655 1895 774 1958 directa
798 1911 829 1958 et
854 1897 978 1978 equalis
1010 1896 1177 1958 cuiusdam
1202 1897 1330 1976 domus,
1354 1897 1457 1975 fundi,
1482 1918 1532 1960 ce-

269 2003 405 2084 latiique
429 2004 627 2066 subterranei
652 2023 687 2064 ac
712 2002 936 2066 hedificiorum
959 2004 991 2064 in
1010 2003 1093 2066 dicta
1119 2004 1246 2066 civitate
1264 2005 1346 2066 inter
1370 2004 1485 2066 domos
1501 2019 1532 2066 et

269 2109 386 2172 fundos
409 2109 571 2172 Valentini
596 2110 764 2188 tributarii,
791 2111 830 2172 ab
857 2130 919 2172 una
945 2125 1045 2192 parte,
1062 2113 1101 2172 ab
1127 2111 1225 2172 altera
1243 2130 1319 2172 vero
1342 2125 1431 2194 parte
1449 2112 1530 2173 Mar-

268 2217 326 2278 tini
350 2216 479 2277 sartoris
504 2214 561 2277 filii
587 2216 686 2278 Marci
712 2215 828 2295 habite,
854 2236 952 2278 unam
970 2231 1117 2298 quartam
1143 2218 1229 2280 curie
1247 2217 1279 2278 in
1304 2237 1336 2278 se
1354 2217 1531 2295 continens,

268 2341 330 2403 que
356 2321 491 2384 condam
519 2322 671 2404 Stephani
697 2322 815 2384 Farlras
847 2322 1018 2404 prefuerat,
1052 2323 1186 2385 domino
1219 2325 1328 2386 Marco
1356 2323 1531 2406 presbitero

269 2429 335 2490 filio
353 2429 506 2511 Stephani
532 2427 660 2491 Gerdalr
678 2429 754 2491 dicti
779 2429 857 2490 alias
886 2430 996 2512 etjam
1014 2447 1099 2492 novo
1117 2430 1240 2492 concivi
1267 2443 1375 2492 nostro
1400 2445 1446 2492 est
1469 2443 1530 2492 sta-

268 2548 335 2597 tuta
359 2548 514 2618 perpetuo
546 2535 739 2617 possidenda
773 2535 825 2612 ita,
858 2535 946 2616 quod
979 2555 1034 2618 per
1063 2536 1190 2597 nullum
1222 2537 1290 2598 eius
1314 2555 1529 2618 possessorem

268 2643 366 2725 possit
390 2643 485 2704 avelli
510 2642 561 2703 vel
585 2641 716 2702 eximia
741 2641 967 2722 jurisdiccione
993 2655 1024 2704 et
1040 2642 1186 2704 libertate
1204 2643 1340 2704 civitatis
1364 2654 1529 2723 prenotate

268 2763 299 2813 et
321 2750 493 2833 superinde
518 2763 564 2812 est
589 2750 679 2811 litera
704 2751 762 2810 sub
787 2750 940 2832 pendenti
965 2751 1072 2832 sigillo
1105 2751 1346 2812 communitatis
1372 2763 1529 2812 emanata.

374 2857 449 2918 item
468 2875 547 2917 uxor
563 2856 720 2936 legittima
734 2857 844 2918 Jacobi
862 2857 953 2918 aliter
967 2857 1070 2918 larini
1088 2857 1191 2918 vocati
1219 2855 1275 2918 filii
1294 2857 1377 2918 Petri
1396 2855 1529 2938 Saphar,

268 2963 429 3046 quandam
454 2962 587 3024 domum
612 2982 703 3023 suam
728 2975 884 3024 muratam
908 2977 939 3024 et
957 2964 1045 3046 Pauli
1064 2963 1121 3024 lilii
1145 2963 1194 3024 sui
1210 2963 1306 3024 simul
1331 2981 1403 3023 cum
1422 2960 1530 3023 fundis

268 3070 373 3132 eidem
397 3069 509 3130 domui
533 3083 656 3132 murate
681 3070 740 3130 sub
765 3084 795 3130 et
820 3070 1050 3150 adjacentibus,
1073 3090 1109 3132 ac
1140 3070 1355 3153 pertinenciis,
1380 3089 1438 3131 nec
1463 3089 1528 3131 non

268 3174 422 3237 hedificiis
445 3189 509 3237 tarn
539 3175 637 3257 lignei
670 3196 766 3257 quam
799 3177 917 3258 lapidei
949 3177 1056 3258 operis
1086 3190 1151 3238 tarn
1184 3176 1321 3258 desuper
1358 3195 1455 3258 quam
1488 3177 1527 3237 ab

269 3280 346 3344 infra
370 3303 428 3344 seu
453 3282 556 3344 eciam
581 3302 679 3364 penes
703 3283 803 3365 ipsam
828 3282 963 3344 domurn
988 3297 1146 3344 muratam
1163 3283 1231 3344 sitis
1255 3295 1285 3344 et
1310 3282 1529 3361 existentibus,

270 3390 299 3450 in
325 3389 408 3451 dicta
433 3389 555 3451 scilicet
590 3389 718 3451 civitate
750 3389 833 3451 inter
864 3389 980 3450 domos
1012 3403 1042 3450 et
1071 3388 1188 3451 fundos
1220 3388 1343 3450 domini
1369 3388 1528 3449 Francisci

270 3495 412 3556 canonici
431 3509 461 3557 et
479 3495 561 3556 Petri
579 3495 670 3556 aliter
688 3495 768 3558 Pero
786 3496 889 3558 vocati
907 3495 964 3557 filii
979 3495 1115 3557 condam
1134 3495 1217 3557 Petri
1236 3493 1358 3577 Saphar
1382 3493 1527 3575 predicti,

271 3623 326 3664 nec
351 3621 415 3663 non
433 3602 515 3663 inter
532 3601 611 3663 duas
635 3602 701 3662 vias
726 3621 913 3664 communes
930 3603 1083 3680 habitam,
1108 3602 1187 3663 duas
1211 3621 1284 3664 cum
1302 3600 1408 3663 media
1425 3599 1528 3662 curias

270 3708 298 3768 in
323 3729 356 3770 se
381 3708 613 3786 continentem,
644 3708 713 3770 viro
745 3708 882 3790 provido
915 3709 1022 3770 blasio
1054 3708 1151 3789 judici
1180 3707 1248 3770 filio
1280 3707 1368 3768 Pauli
1395 3707 1427 3768 in
1452 3725 1527 3768 con·

268 3815 427 3876 cambium
453 3814 619 3876 cuiusdam
645 3814 762 3876 domus
786 3834 841 3876 sue
867 3829 989 3876 mutate
1015 3830 1045 3876 et
1069 3813 1159 3876 fundi
1188 3835 1224 3876 ac
1248 3811 1471 3876 hedificiorum
1498 3827 1528 3874 et

268 3939 324 4002 pro
348 3921 570 3983 additamento
587 3921 697 3982 decern
723 3933 753 3982 et
770 3941 886 3982 novem
913 3921 981 3983 flor.
999 3923 1079 4000 auri,
1097 3921 1128 3982 in
1145 3941 1282 4004 persona
1306 3918 1418 4002 prefati
1437 3920 1526 3982 Pauli

267 4025 322 4088 filii
347 4028 395 4088 sui
441 4027 530 4088 dedit
560 4040 715 4109 perpetuo
747 4027 974 4108 possidendam
1010 4041 1040 4089 et
1072 4027 1244 4110 superinde
1276 4039 1322 4088 est
1353 4027 1443 4088 litera
1468 4028 1526 4088 sub

268 4131 417 4214 pendenti
442 4133 550 4213 sigillo
574 4134 816 4196 communitatis
845 4147 1002 4196 emanata.

370 4239 447 4301 Item
474 4239 620 4321 Mathyas
643 4239 728 4302 filius
752 4240 885 4302 Adriani
912 4241 951 4302 de
978 4241 1074 4301 Plezo
1100 4240 1129 4300 in
1156 4259 1212 4300 sua
1237 4253 1267 4299 et
1293 4237 1447 4299 Anthonii
1466 4235 1525 4298 fra-

268 4347 320 4407 tris
343 4347 392 4407 sui
417 4346 562 4427 personis
586 4365 622 4407 ac
647 4347 803 4408 Martinus
827 4346 911 4408 filius
933 4345 1088 4406 Anthonii
1114 4345 1153 4406 de
1171 4343 1283 4406 eadem
1308 4344 1415 4422 Plezo,
1439 4344 1525 4404 sirni-

267 4453 338 4513 liter
362 4452 393 4513 in
417 4472 474 4513 sua
499 4465 529 4513 et
547 4452 677 4530 Vrbani‚
695 4453 869 4530 Dominici,
888 4451 1031 4533 Georgii,
1050 4451 1139 4512 Pauli
1158 4465 1188 4512 et
1205 4450 1370 4512 Michaelis
1394 4448 1525 4510 fratrum

267 4578 302 4619 ac
326 4558 489 4620 Dorothee
514 4571 544 4620 et
569 4558 768 4640 Margarethe
789 4578 935 4620 sororum
961 4579 1089 4620 suarum
1120 4557 1274 4638 personis,
1300 4576 1356 4617 nec
1382 4575 1445 4616 non
1464 4556 1525 4616 Va-

268 4663 405 4725 lentinus
429 4663 514 4725 filius
541 4665 624 4726 Luce
649 4665 796 4726 similiter
829 4664 868 4725 de
901 4665 1014 4726 eadem
1047 4665 1155 4743 Plezo,
1186 4662 1333 4724 similiter
1357 4663 1388 4722 in
1414 4681 1470 4722 sua
1496 4675 1526 4722 et

270 4771 404 4832 Barbare
428 4770 547 4832 sororis
570 4790 626 4831 sue
643 4771 798 4852 personis,
824 4791 920 4832 onera
939 4785 969 4831 et
985 4771 1170 4850 gravamina
1188 4769 1375 4830 eorumdem
1394 4766 1524 4828 fratrum

269 4891 298 4938 et
321 4897 465 4940 sororum
491 4897 620 4939 suarum
648 4879 677 4938 in
696 4898 729 4939 se
754 4879 840 4960 ipsos
857 4877 1062 4956 assumendo,
1081 4875 1242 4957 quandam
1261 4876 1394 4936 domurn
1413 4893 1524 4934 eorum

269 4997 435 5064 muratam,
460 4985 556 5046 simul
581 5004 654 5046 curn
681 4983 780 5046 fundo
813 4997 844 5045 et
876 4983 1031 5045 hedificiis
1060 4983 1184 5064 ligneis,
1218 4981 1298 5043 inter
1323 4980 1437 5040 domos
1460 4993 1524 5042 tam
