3840 5810
519 1631 647 1732 (Aouo
674 1629 831 1720 Domini
857 1629 1140 1720 Mocuoxmtt
1167 1632 1207 1720 ot
1233 1629 1538 1732 Muoootntv.)

978 1831 1080 1838 -—-—

397 1954 485 2030 Item
514 1953 547 2028 in
585 1977 679 2030 anno
708 1952 852 2029 Domini
891 1955 1078 2030 millesimo
1117 1955 1471 2054 quadringentesimo
1509 1954 1659 2053 quadra·

397 2081 540 2178 gesimo
578 2080 713 2169 tercio,
751 2079 784 2152 in
822 2078 920 2154 festo
959 2079 1099 2154 scilicet
1135 2080 1325 2154 beatorum
1363 2077 1462 2154 Petri
1492 2085 1532 2154 et
1561 2079 1659 2154 Pauli

396 2203 656 2302 apostolorum,
677 2213 842 2302 tempore
871 2203 1051 2299 judicatus
1080 2203 1144 2278 viri
1174 2203 1311 2302 providi
1344 2211 1382 2276 et
1410 2203 1660 2302 circumspecti

396 2325 583 2401 Benedicti
598 2326 727 2423 judicis
756 2329 870 2402 nostri
900 2328 1060 2402 moderni
1100 2326 1158 2402 filii
1191 2326 1386 2420 Michaelis
1415 2351 1566 2426 presens
1596 2328 1659 2402 ka-

396 2461 500 2526 terna
529 2461 587 2526 est
615 2454 820 2551 conscripta
863 2477 972 2552 super
999 2453 1262 2551 registracione
1292 2461 1341 2562 et·
1378 2454 1660 2552 consignaciune

396 2584 573 2650 certarum
608 2577 789 2652 literarum
829 2577 1101 2676 privilegialium
1139 2578 1264 2652 civium
1303 2583 1342 2652 et
1382 2577 1658 2652 inhabitatorum

397 2700 551 2774 civitatis
591 2701 909 2799 hlontisgrecensis
939 2701 1101 2799 predicte
1129 2700 1222 2776 infra
1249 2701 1512 2776 nominatorum
1550 2723 1659 2799 super

395 2825 688 2922 possessionibus
717 2825 751 2898 in
790 2825 916 2898 eadem
954 2825 1100 2899 civitate
1134 2823 1262 2899 habitis
1292 2833 1331 2899 et
1369 2824 1445 2898 eius
1474 2824 1658 2899 territorio

395 2945 525 3021 habitis
555 2955 594 3022 et
622 2949 871 3037 existentibus,
909 2947 1181 3046 privilegialiter
1218 2947 1462 3022 confectarum
1492 2955 1530 3022 et
1563 2969 1658 3022 ema·

942 3080 1116 3146 natarum.

924 3320 990 3400 (29.
1020 3319 1130 3397 junii).

502 3463 579 3523 ltem
605 3461 720 3522 domus
746 3461 904 3522 Leonardi
930 3461 1149 3523 Theutbonici
1179 3460 1317 3522 condam
1341 3459 1434 3542 jurati
1460 3474 1491 3521 et
1515 3460 1657 3521 concivis

399 3567 496 3630 nostri
533 3583 667 3646 murata,
691 3569 787 3629 simul
811 3589 883 3630 cum
909 3569 1033 3630 duabus
1065 3569 1262 3630 stacionibus
1293 3587 1349 3628 seu
1375 3566 1519 3628 fenestris
1543 3567 1656 3628 stacio-

396 3695 472 3736 num
498 3675 641 3752 muratis,
666 3689 697 3735 et
721 3675 838 3735 celario
870 3676 1079 3736 subterraneo
1112 3674 1259 3736 similiter
1293 3688 1430 3751 murato,
1464 3693 1500 3734 oc
1523 3674 1657 3734 cisterna

396 3781 515 3842 ibidem
541 3780 660 3858 habito,
686 3799 743 3841 nec
777 3800 842 3842 non
876 3778 984 3840 lundis
1008 3795 1039 3842 et
1071 3779 1228 3842 hedificiis
1260 3794 1324 3842 tam
1359 3780 1456 3860 lignei
1490 3799 1587 3860 quarn
1612 3779 1656 3840 la-

395 3886 480 3967 pidei
506 3885 622 3968 operis,
655 3885 791 3966 aliisque
826 3886 948 3946 cunctis
979 3886 1045 3946 suis
1077 3885 1269 3948 utilitatibus
1293 3898 1324 3946 et
1355 3885 1561 3966 pertinenciis
1588 3885 1656 3946 uni-

395 3992 492 4053 versis
528 3993 559 4053 in
584 3992 667 4053 dicta
692 3993 818 4054 civitate
844 3992 926 4052 inter
950 3991 1075 4070 domos,
1101 3991 1219 4054 fundos
1253 4011 1288 4052 ac
1313 3992 1482 4069 sormones,
1507 4011 1567 4052 nec
1592 4011 1654 4052 non

395 4098 541 4161 hedificio
567 4099 732 4160 Benedicti
757 4099 848 4160 aliter
873 4099 975 4160 Benso
1010 4099 1114 4160 vocati
1146 4097 1204 4160 filii
1229 4097 1397 4159 Michaelis
1423 4098 1600 4160 Sebastiam
1626 4111 1656 4158 et

394 4206 567 4268 liberorum
593 4205 719 4267 Nicolai
744 4205 856 4268 Thoth
880 4225 917 4266 ac
933 4205 1109 4268 liberorum
1129 4206 1228 4284 Bnnk,
1253 4206 1292 4266 ab
1314 4204 1492 4284 occidente,
1517 4223 1654 4265 necnon

394 4313 452 4374 viri
477 4313 604 4396 providi
630 4326 661 4374 et
685 4311 809 4375 honesti
827 4312 954 4374 Nicolai
980 4312 1103 4393 pridem
1127 4311 1242 4390 judicis
1259 4325 1290 4372 et
1306 4311 1447 4372 concivis
1472 4310 1569 4372 nostri
1599 4308 1655 4370 tilii

395 4421 490 4498 Petri,
514 4441 530 4480 a
555 4420 795 4501 septemtrione,
813 4439 849 4481 ac
874 4419 1006 4480 domine
1025 4417 1225 4498 Margarethe
1244 4417 1353 4480 relicte
1378 4417 1514 4478 condam
1542 4415 1655 4478 Briccii

395 4526 509 4604 judicis
544 4526 733 4588 oboriente
771 4525 878 4586 habita
903 4539 933 4586 et
965 4525 1112 4602 existens,
1145 4523 1283 4584 medium
1317 4524 1437 4585 curiam
1462 4537 1493 4583 et
1516 4523 1655 4583 mediam

394 4647 540 4694 octavam
565 4633 596 4694 in
622 4653 655 4694 se
680 4633 858 4710 continens,
885 4652 956 4692 cum
982 4633 1047 4692 suis
1075 4631 1282 4712 pertinenciis
1314 4643 1345 4691 et
1370 4630 1561 4692 utilitatibus
1586 4630 1654 4691 uni·

393 4741 492 4801 versis
519 4739 662 4801 Seboldo
688 4739 798 4821 Mayur
820 4739 897 4799 olias
916 4739 1025 4798 comiti
1044 4737 1147 4818 campi
1166 4737 1392 4818 zugrabiensis,
1416 4751 1451 4797 ut
1478 4755 1563 4797 novo
1581 4755 1655 4796 con-

393 4847 454 4907 civi
481 4861 610 4925 nostro‚
642 4867 699 4928 pro
731 4846 847 4906 debitis
879 4846 1062 4924 octuaginta
1095 4859 1216 4926 septem
1240 4844 1309 4907 flor.
1343 4843 1422 4921 ouri,
1447 4843 1565 4924 quibus
1589 4843 1655 4924 ipse

395 4953 581 5014 Leonardus
606 4952 853 5014 Theutbonicus
877 4951 980 5012 eidem
1009 4951 1151 5012 Seboldo
1171 4952 1281 5036 Mayar
1304 4951 1415 5030 vigore
1432 4949 1567 5012 duorum
1585 4949 1654 5010 lite-

393 5077 499 5120 rarum
525 5059 788 5139 obligatoriarum
815 5059 941 5121 debitor
966 5056 1033 5118 lore
1058 5057 1324 5118 adinveniebatur
1349 5075 1386 5116 ex
1403 5069 1520 5134 scorto,
1544 5068 1590 5116 est
1606 5053 1654 5129 ju-
