<?xml version="1.0" encoding="UTF-8"?>
<!DOCTYPE html PUBLIC "-//W3C//DTD XHTML 1.0 Transitional//EN"
    "http://www.w3.org/TR/xhtml1/DTD/xhtml1-transitional.dtd">
<html xmlns="http://www.w3.org/1999/xhtml" xml:lang="en" lang="en">
 <head>
  <title>
</title>
<meta http-equiv="Content-Type" content="text/html;charset=utf-8" />
  <meta name='ocr-system' content='tesseract 3.04.00' />
  <meta name='ocr-capabilities' content='ocr_page ocr_carea ocr_par ocr_line ocrx_word'/>
</head>
<body>
  <div class='ocr_page' id='page_1' title='image "./monumentahistor21laszgoog_0292.png"; bbox 0 0 3854 5798; ppageno 0'>
   <div class='ocr_carea' id='block_1_1' title="bbox 917 448 1121 524">
    <p class='ocr_par' dir='ltr' id='par_1_1' title="bbox 917 448 1121 524">
     <span class='ocr_line' id='line_1_1' title="bbox 917 448 1121 524; baseline 0.01 -18"><span class='ocrx_word' id='word_1_1' title='bbox 917 449 1004 506; x_wconf 84' lang='lat' dir='ltr'>Anno</span> <span class='ocrx_word' id='word_1_2' title='bbox 1027 448 1121 524; x_wconf 75' lang='lat'><em>1465.</em></span> 
     </span>
    </p>
   </div>
   <div class='ocr_carea' id='block_1_2' title="bbox 349 642 1654 5000">
    <p class='ocr_par' dir='ltr' id='par_1_2' title="bbox 349 642 1654 1273">
     <span class='ocr_line' id='line_1_2' title="bbox 349 642 1647 740; baseline -0.002 -18"><span class='ocrx_word' id='word_1_3' title='bbox 349 642 350 646; x_wconf 7' lang='grc' dir='ltr'><strong>Ἰ</strong></span> <span class='ocrx_word' id='word_1_4' title='bbox 383 680 456 722; x_wconf 91' lang='lat' dir='ltr'>cum</span> <span class='ocrx_word' id='word_1_5' title='bbox 480 659 632 720; x_wconf 88' lang='lat' dir='ltr'>omnibus</span> <span class='ocrx_word' id='word_1_6' title='bbox 657 671 716 720; x_wconf 89' lang='lat' dir='ltr'>etc.</span> <span class='ocrx_word' id='word_1_7' title='bbox 741 657 879 740; x_wconf 90' lang='lat' dir='ltr'>provido</span> <span class='ocrx_word' id='word_1_8' title='bbox 904 658 973 719; x_wconf 91' lang='lat' dir='ltr'>viro</span> <span class='ocrx_word' id='word_1_9' title='bbox 998 658 1160 720; x_wconf 86' lang='lat' dir='ltr'><strong>Clementi</strong></span> <span class='ocrx_word' id='word_1_10' title='bbox 1185 659 1285 720; x_wconf 88' lang='lat' dir='ltr'>sutori</span> <span class='ocrx_word' id='word_1_11' title='bbox 1302 659 1394 720; x_wconf 88' lang='lat' dir='ltr'>aliter</span> <span class='ocrx_word' id='word_1_12' title='bbox 1418 660 1535 720; x_wconf 89' lang='lat' dir='ltr'>Kelecz</span> <span class='ocrx_word' id='word_1_13' title='bbox 1561 659 1647 720; x_wconf 89' lang='lat' dir='ltr'>dicto</span> 
     </span>
     <span class='ocr_line' id='line_1_3' title="bbox 381 763 1644 848; baseline -0.002 -19"><span class='ocrx_word' id='word_1_14' title='bbox 381 767 449 829; x_wconf 90' lang='lat' dir='ltr'>filio</span> <span class='ocrx_word' id='word_1_15' title='bbox 476 765 595 828; x_wconf 81' lang='lat' dir='ltr'>Mathis</span> <span class='ocrx_word' id='word_1_16' title='bbox 614 765 816 848; x_wconf 87' lang='lat' dir='ltr'>Kwsycbych</span> <span class='ocrx_word' id='word_1_17' title='bbox 843 765 883 826; x_wconf 90' lang='lat' dir='ltr'>de</span> <span class='ocrx_word' id='word_1_18' title='bbox 900 763 1049 848; x_wconf 87' lang='lat' dir='ltr'>lwanych</span> <span class='ocrx_word' id='word_1_19' title='bbox 1074 765 1199 826; x_wconf 88' lang='lat' dir='ltr'>concivi</span> <span class='ocrx_word' id='word_1_20' title='bbox 1217 777 1326 826; x_wconf 90' lang='lat' dir='ltr'>nostro</span> <span class='ocrx_word' id='word_1_21' title='bbox 1351 784 1409 846; x_wconf 90' lang='lat' dir='ltr'>pro</span> <span class='ocrx_word' id='word_1_22' title='bbox 1434 779 1556 846; x_wconf 80' lang='lat' dir='ltr'>septem</span> <span class='ocrx_word' id='word_1_23' title='bbox 1574 764 1644 826; x_wconf 87' lang='lat' dir='ltr'>flor.</span> 
     </span>
     <span class='ocr_line' id='line_1_4' title="bbox 382 868 1645 956; baseline -0.006 -19"><span class='ocrx_word' id='word_1_24' title='bbox 382 875 452 937; x_wconf 89' lang='lat' dir='ltr'>auri</span> <span class='ocrx_word' id='word_1_25' title='bbox 476 895 533 956; x_wconf 90' lang='lat' dir='ltr'>per</span> <span class='ocrx_word' id='word_1_26' title='bbox 557 873 695 936; x_wconf 89' lang='lat' dir='ltr'>eundem</span> <span class='ocrx_word' id='word_1_27' title='bbox 722 871 924 934; x_wconf 85' lang='lat' dir='ltr'>Clementem</span> <span class='ocrx_word' id='word_1_28' title='bbox 958 870 1079 932; x_wconf 91' lang='lat' dir='ltr'>eisdem</span> <span class='ocrx_word' id='word_1_29' title='bbox 1108 869 1238 932; x_wconf 89' lang='lat' dir='ltr'>Thome</span> <span class='ocrx_word' id='word_1_30' title='bbox 1270 869 1421 953; x_wconf 85' lang='lat' dir='ltr'>frenipari</span> <span class='ocrx_word' id='word_1_31' title='bbox 1446 884 1477 932; x_wconf 90' lang='lat' dir='ltr'>et</span> <span class='ocrx_word' id='word_1_32' title='bbox 1502 868 1645 952; x_wconf 88' lang='lat' dir='ltr'>Georgio</span> 
     </span>
     <span class='ocr_line' id='line_1_5' title="bbox 380 976 1652 1058; baseline -0.003 -16"><span class='ocrx_word' id='word_1_33' title='bbox 380 977 468 1043; x_wconf 86' lang='lat' dir='ltr'>fratri</span> <span class='ocrx_word' id='word_1_34' title='bbox 493 979 638 1042; x_wconf 90' lang='lat' dir='ltr'>eiusdem</span> <span class='ocrx_word' id='word_1_35' title='bbox 672 977 810 1039; x_wconf 88' lang='lat' dir='ltr'>condam</span> <span class='ocrx_word' id='word_1_36' title='bbox 844 976 999 1038; x_wconf 84' lang='lat' dir='ltr'>iohannis</span> <span class='ocrx_word' id='word_1_37' title='bbox 1031 977 1203 1058; x_wconf 87' lang='lat' dir='ltr'>persolutis</span> <span class='ocrx_word' id='word_1_38' title='bbox 1234 977 1432 1039; x_wconf 88' lang='lat' dir='ltr'>vendidisset</span> <span class='ocrx_word' id='word_1_39' title='bbox 1465 991 1524 1039; x_wconf 90' lang='lat' dir='ltr'>etc.</span> <span class='ocrx_word' id='word_1_40' title='bbox 1551 977 1652 1038; x_wconf 92' lang='lat' dir='ltr'>immo</span> 
     </span>
     <span class='ocr_line' id='line_1_6' title="bbox 383 1083 1654 1166; baseline -0.004 -18"><span class='ocrx_word' id='word_1_41' title='bbox 383 1107 420 1149; x_wconf 84' lang='lat' dir='ltr'>ex</span> <span class='ocrx_word' id='word_1_42' title='bbox 445 1105 603 1148; x_wconf 87' lang='lat' dir='ltr'>consensu</span> <span class='ocrx_word' id='word_1_43' title='bbox 626 1083 722 1146; x_wconf 89' lang='lat' dir='ltr'>vicini</span> <span class='ocrx_word' id='word_1_44' title='bbox 749 1083 884 1166; x_wconf 88' lang='lat' dir='ltr'>predicti</span> <span class='ocrx_word' id='word_1_45' title='bbox 909 1083 1056 1144; x_wconf 91' lang='lat' dir='ltr'>vendidit</span> <span class='ocrx_word' id='word_1_46' title='bbox 1084 1103 1191 1145; x_wconf 89' lang='lat' dir='ltr'>coram</span> <span class='ocrx_word' id='word_1_47' title='bbox 1224 1083 1317 1144; x_wconf 91' lang='lat' dir='ltr'>nobis</span> <span class='ocrx_word' id='word_1_48' title='bbox 1342 1084 1410 1164; x_wconf 84' lang='lat' dir='ltr'>jure</span> <span class='ocrx_word' id='word_1_49' title='bbox 1435 1097 1591 1166; x_wconf 88' lang='lat' dir='ltr'>perpetuo</span> <span class='ocrx_word' id='word_1_50' title='bbox 1621 1097 1654 1143; x_wconf 93' lang='lat' dir='ltr'>et</span> 
     </span>
     <span class='ocr_line' id='line_1_7' title="bbox 385 1191 904 1273; baseline -0.004 -18"><span class='ocrx_word' id='word_1_51' title='bbox 385 1193 636 1255; x_wconf 80' lang='lat' dir='ltr'>irrevocabiliter</span> <span class='ocrx_word' id='word_1_52' title='bbox 665 1191 904 1273; x_wconf 82' lang='lat' dir='ltr'>possidendam.</span> 
     </span>
    </p>

    <p class='ocr_par' dir='ltr' id='par_1_3' title="bbox 379 1296 1653 5000">
     <span class='ocr_line' id='line_1_8' title="bbox 488 1296 1651 1380; baseline -0.002 -21"><span class='ocrx_word' id='word_1_53' title='bbox 488 1299 586 1373; x_wconf 91' lang='lat' dir='ltr'>Quod</span> <span class='ocrx_word' id='word_1_54' title='bbox 611 1298 686 1380; x_wconf 86' lang='lat' dir='ltr'>quia</span> <span class='ocrx_word' id='word_1_55' title='bbox 712 1297 845 1379; x_wconf 88' lang='lat' dir='ltr'>provida</span> <span class='ocrx_word' id='word_1_56' title='bbox 870 1296 987 1358; x_wconf 89' lang='lat' dir='ltr'>mulier</span> <span class='ocrx_word' id='word_1_57' title='bbox 1011 1296 1113 1358; x_wconf 87' lang='lat' dir='ltr'>Elena</span> <span class='ocrx_word' id='word_1_58' title='bbox 1138 1311 1249 1358; x_wconf 88' lang='lat' dir='ltr'>vocata</span> <span class='ocrx_word' id='word_1_59' title='bbox 1274 1296 1382 1359; x_wconf 87' lang='lat' dir='ltr'>relicta</span> <span class='ocrx_word' id='word_1_60' title='bbox 1411 1297 1550 1359; x_wconf 86' lang='lat' dir='ltr'>condam</span> <span class='ocrx_word' id='word_1_61' title='bbox 1575 1298 1651 1358; x_wconf 89' lang='lat' dir='ltr'>Bat-</span> 
     </span>
     <span class='ocr_line' id='line_1_9' title="bbox 381 1403 1653 1487; baseline -0.002 -20"><span class='ocrx_word' id='word_1_62' title='bbox 381 1405 537 1468; x_wconf 88' lang='lat' dir='ltr'>tholomei</span> <span class='ocrx_word' id='word_1_63' title='bbox 564 1403 753 1487; x_wconf 88' lang='lat' dir='ltr'>Pawkwych</span> <span class='ocrx_word' id='word_1_64' title='bbox 778 1404 853 1466; x_wconf 92' lang='lat' dir='ltr'>dicti</span> <span class='ocrx_word' id='word_1_65' title='bbox 879 1404 958 1464; x_wconf 93' lang='lat' dir='ltr'>olim</span> <span class='ocrx_word' id='word_1_66' title='bbox 982 1403 1206 1466; x_wconf 80' lang='lat' dir='ltr'>inhabitatoris</span> <span class='ocrx_word' id='word_1_67' title='bbox 1222 1405 1372 1466; x_wconf 88' lang='lat' dir='ltr'>territorii</span> <span class='ocrx_word' id='word_1_68' title='bbox 1405 1404 1489 1466; x_wconf 90' lang='lat' dir='ltr'>dicte</span> <span class='ocrx_word' id='word_1_69' title='bbox 1506 1404 1653 1482; x_wconf 88' lang='lat' dir='ltr'>civitatis,</span> 
     </span>
     <span class='ocr_line' id='line_1_10' title="bbox 382 1509 1648 1593; baseline -0.003 -19"><span class='ocrx_word' id='word_1_70' title='bbox 382 1513 415 1574; x_wconf 94' lang='lat' dir='ltr'>in</span> <span class='ocrx_word' id='word_1_71' title='bbox 439 1532 496 1573; x_wconf 88' lang='lat' dir='ltr'>sua</span> <span class='ocrx_word' id='word_1_72' title='bbox 520 1531 556 1573; x_wconf 86' lang='lat' dir='ltr'>ac</span> <span class='ocrx_word' id='word_1_73' title='bbox 574 1511 683 1571; x_wconf 90' lang='lat' dir='ltr'>Jacobi</span> <span class='ocrx_word' id='word_1_74' title='bbox 702 1523 733 1572; x_wconf 89' lang='lat' dir='ltr'>et</span> <span class='ocrx_word' id='word_1_75' title='bbox 757 1509 910 1592; x_wconf 85' lang='lat' dir='ltr'>Stephani</span> <span class='ocrx_word' id='word_1_76' title='bbox 928 1509 1079 1588; x_wconf 86' lang='lat' dir='ltr'>filiorum,</span> <span class='ocrx_word' id='word_1_77' title='bbox 1105 1529 1245 1571; x_wconf 88' lang='lat' dir='ltr'>necnon</span> <span class='ocrx_word' id='word_1_78' title='bbox 1269 1510 1455 1593; x_wconf 89' lang='lat' dir='ltr'>puellarum</span> <span class='ocrx_word' id='word_1_79' title='bbox 1483 1511 1648 1592; x_wconf 91' lang='lat' dir='ltr'>utriusque</span> 
     </span>
     <span class='ocr_line' id='line_1_11' title="bbox 383 1615 1653 1698; baseline -0.002 -18"><span class='ocrx_word' id='word_1_80' title='bbox 383 1619 496 1680; x_wconf 88' lang='lat' dir='ltr'>Vrsula</span> <span class='ocrx_word' id='word_1_81' title='bbox 523 1629 707 1678; x_wconf 87' lang='lat' dir='ltr'>vocatarum</span> <span class='ocrx_word' id='word_1_82' title='bbox 732 1616 870 1678; x_wconf 89' lang='lat' dir='ltr'>filiarum</span> <span class='ocrx_word' id='word_1_83' title='bbox 888 1635 1017 1678; x_wconf 91' lang='lat' dir='ltr'>suatum</span> <span class='ocrx_word' id='word_1_84' title='bbox 1036 1636 1072 1678; x_wconf 84' lang='lat' dir='ltr'>ex</span> <span class='ocrx_word' id='word_1_85' title='bbox 1090 1616 1235 1698; x_wconf 92' lang='lat' dir='ltr'>predicto</span> <span class='ocrx_word' id='word_1_86' title='bbox 1259 1615 1397 1677; x_wconf 89' lang='lat' dir='ltr'>condam</span> <span class='ocrx_word' id='word_1_87' title='bbox 1420 1615 1653 1678; x_wconf 89' lang='lat' dir='ltr'>Bartholomeo</span> 
     </span>
     <span class='ocr_line' id='line_1_12' title="bbox 383 1721 1653 1808; baseline -0.003 -22"><span class='ocrx_word' id='word_1_88' title='bbox 383 1725 627 1808; x_wconf 89' lang='lat' dir='ltr'>progenitorum</span> <span class='ocrx_word' id='word_1_89' title='bbox 653 1723 808 1805; x_wconf 89' lang='lat' dir='ltr'>personis,</span> <span class='ocrx_word' id='word_1_90' title='bbox 834 1723 986 1784; x_wconf 87' lang='lat' dir='ltr'>oneribus</span> <span class='ocrx_word' id='word_1_91' title='bbox 1011 1721 1200 1784; x_wconf 91' lang='lat' dir='ltr'>corumdem</span> <span class='ocrx_word' id='word_1_92' title='bbox 1223 1723 1254 1782; x_wconf 93' lang='lat' dir='ltr'>in</span> <span class='ocrx_word' id='word_1_93' title='bbox 1281 1742 1313 1784; x_wconf 92' lang='lat' dir='ltr'>se</span> <span class='ocrx_word' id='word_1_94' title='bbox 1338 1722 1445 1804; x_wconf 81' lang='lat' dir='ltr'>ipsam</span> <span class='ocrx_word' id='word_1_95' title='bbox 1472 1724 1653 1804; x_wconf 86' lang='lat' dir='ltr'>assumptis,</span> 
     </span>
     <span class='ocr_line' id='line_1_13' title="bbox 383 1827 1651 1910; baseline -0.002 -18"><span class='ocrx_word' id='word_1_96' title='bbox 383 1845 524 1892; x_wconf 87' lang='lat' dir='ltr'>nostram</span> <span class='ocrx_word' id='word_1_97' title='bbox 549 1829 711 1890; x_wconf 91' lang='lat' dir='ltr'>veniendo</span> <span class='ocrx_word' id='word_1_98' title='bbox 738 1829 769 1890; x_wconf 93' lang='lat' dir='ltr'>in</span> <span class='ocrx_word' id='word_1_99' title='bbox 794 1829 991 1910; x_wconf 87' lang='lat' dir='ltr'>presenciam</span> <span class='ocrx_word' id='word_1_100' title='bbox 1024 1827 1169 1890; x_wconf 85' lang='lat' dir='ltr'>confessa</span> <span class='ocrx_word' id='word_1_101' title='bbox 1202 1829 1304 1890; x_wconf 93' lang='lat' dir='ltr'>estin</span> <span class='ocrx_word' id='word_1_102' title='bbox 1337 1827 1421 1890; x_wconf 90' lang='lat' dir='ltr'>hunc</span> <span class='ocrx_word' id='word_1_103' title='bbox 1445 1828 1592 1908; x_wconf 90' lang='lat' dir='ltr'>modum,</span> <span class='ocrx_word' id='word_1_104' title='bbox 1617 1843 1651 1890; x_wconf 91' lang='lat' dir='ltr'>ut</span> 
     </span>
     <span class='ocr_line' id='line_1_14' title="bbox 384 1933 1648 2018; baseline 0 -22"><span class='ocrx_word' id='word_1_105' title='bbox 384 1935 451 2018; x_wconf 85' lang='lat' dir='ltr'>ipsa</span> <span class='ocrx_word' id='word_1_106' title='bbox 475 1933 752 2018; x_wconf 91' lang='lat' dir='ltr'>proquibusdam</span> <span class='ocrx_word' id='word_1_107' title='bbox 778 1933 894 1995; x_wconf 91' lang='lat' dir='ltr'>debitis</span> <span class='ocrx_word' id='word_1_108' title='bbox 918 1936 1062 1997; x_wconf 88' lang='lat' dir='ltr'>annotati</span> <span class='ocrx_word' id='word_1_109' title='bbox 1087 1935 1226 1997; x_wconf 91' lang='lat' dir='ltr'>condam</span> <span class='ocrx_word' id='word_1_110' title='bbox 1251 1933 1470 1997; x_wconf 75' lang='lat' dir='ltr'>bartholomei</span> <span class='ocrx_word' id='word_1_111' title='bbox 1495 1955 1551 2016; x_wconf 91' lang='lat' dir='ltr'>per</span> <span class='ocrx_word' id='word_1_112' title='bbox 1576 1955 1648 1996; x_wconf 88' lang='lat' dir='ltr'>ean·</span> 
     </span>
     <span class='ocr_line' id='line_1_15' title="bbox 384 2040 1650 2124; baseline 0 -22"><span class='ocrx_word' id='word_1_113' title='bbox 384 2041 458 2102; x_wconf 90' lang='lat' dir='ltr'>dem</span> <span class='ocrx_word' id='word_1_114' title='bbox 483 2041 694 2103; x_wconf 89' lang='lat' dir='ltr'>creditoribus</span> <span class='ocrx_word' id='word_1_115' title='bbox 719 2040 864 2103; x_wconf 91' lang='lat' dir='ltr'>eiusdem</span> <span class='ocrx_word' id='word_1_116' title='bbox 890 2041 1122 2123; x_wconf 89' lang='lat' dir='ltr'>persolvendis,</span> <span class='ocrx_word' id='word_1_117' title='bbox 1147 2041 1302 2121; x_wconf 88' lang='lat' dir='ltr'>quasdam</span> <span class='ocrx_word' id='word_1_118' title='bbox 1328 2041 1407 2102; x_wconf 89' lang='lat' dir='ltr'>duas</span> <span class='ocrx_word' id='word_1_119' title='bbox 1431 2042 1542 2103; x_wconf 88' lang='lat' dir='ltr'>vineas</span> <span class='ocrx_word' id='word_1_120' title='bbox 1566 2042 1650 2124; x_wconf 92' lang='lat' dir='ltr'>ipso-</span> 
     </span>
     <span class='ocr_line' id='line_1_16' title="bbox 382 2147 1653 2226; baseline 0 -17"><span class='ocrx_word' id='word_1_121' title='bbox 382 2167 465 2226; x_wconf 90' lang='lat' dir='ltr'>rum,</span> <span class='ocrx_word' id='word_1_122' title='bbox 489 2167 587 2209; x_wconf 90' lang='lat' dir='ltr'>unam</span> <span class='ocrx_word' id='word_1_123' title='bbox 612 2147 763 2208; x_wconf 90' lang='lat' dir='ltr'>videlicet</span> <span class='ocrx_word' id='word_1_124' title='bbox 787 2147 906 2208; x_wconf 88' lang='lat' dir='ltr'>cultam</span> <span class='ocrx_word' id='word_1_125' title='bbox 941 2161 971 2208; x_wconf 90' lang='lat' dir='ltr'>et</span> <span class='ocrx_word' id='word_1_126' title='bbox 996 2147 1093 2208; x_wconf 89' lang='lat' dir='ltr'>aliam</span> <span class='ocrx_word' id='word_1_127' title='bbox 1127 2147 1296 2226; x_wconf 88' lang='lat' dir='ltr'>desertam,</span> <span class='ocrx_word' id='word_1_128' title='bbox 1321 2147 1353 2208; x_wconf 92' lang='lat' dir='ltr'>in</span> <span class='ocrx_word' id='word_1_129' title='bbox 1378 2147 1542 2209; x_wconf 90' lang='lat' dir='ltr'>territorio</span> <span class='ocrx_word' id='word_1_130' title='bbox 1568 2147 1653 2210; x_wconf 90' lang='lat' dir='ltr'>dicte</span> 
     </span>
     <span class='ocr_line' id='line_1_17' title="bbox 382 2252 1651 2333; baseline -0.002 -17"><span class='ocrx_word' id='word_1_131' title='bbox 382 2253 529 2332; x_wconf 88' lang='lat' dir='ltr'>civitatis,</span> <span class='ocrx_word' id='word_1_132' title='bbox 552 2273 588 2314; x_wconf 90' lang='lat' dir='ltr'>ac</span> <span class='ocrx_word' id='word_1_133' title='bbox 606 2253 688 2314; x_wconf 88' lang='lat' dir='ltr'>inter</span> <span class='ocrx_word' id='word_1_134' title='bbox 704 2252 818 2314; x_wconf 90' lang='lat' dir='ltr'>silvam</span> <span class='ocrx_word' id='word_1_135' title='bbox 837 2272 894 2314; x_wconf 90' lang='lat' dir='ltr'>seu</span> <span class='ocrx_word' id='word_1_136' title='bbox 910 2253 1085 2333; x_wconf 83' lang='lat' dir='ltr'>virgultum</span> <span class='ocrx_word' id='word_1_137' title='bbox 1103 2253 1248 2314; x_wconf 89' lang='lat' dir='ltr'>eiusdem</span> <span class='ocrx_word' id='word_1_138' title='bbox 1266 2253 1403 2315; x_wconf 89' lang='lat' dir='ltr'>condam</span> <span class='ocrx_word' id='word_1_139' title='bbox 1420 2253 1651 2332; x_wconf 76' lang='lat' dir='ltr'>bartholomei,</span> 
     </span>
     <span class='ocr_line' id='line_1_18' title="bbox 383 2359 1651 2443; baseline -0.001 -20"><span class='ocrx_word' id='word_1_140' title='bbox 383 2381 400 2423; x_wconf 86' lang='lat' dir='ltr'>a</span> <span class='ocrx_word' id='word_1_141' title='bbox 431 2374 520 2443; x_wconf 88' lang='lat' dir='ltr'>parte</span> <span class='ocrx_word' id='word_1_142' title='bbox 553 2359 807 2442; x_wconf 83' lang='lat' dir='ltr'>septemtrionali</span> <span class='ocrx_word' id='word_1_143' title='bbox 840 2360 1001 2422; x_wconf 89' lang='lat' dir='ltr'>mediante</span> <span class='ocrx_word' id='word_1_144' title='bbox 1034 2360 1176 2441; x_wconf 87' lang='lat' dir='ltr'>quodam</span> <span class='ocrx_word' id='word_1_145' title='bbox 1209 2359 1346 2439; x_wconf 85' lang='lat' dir='ltr'>fossato,</span> <span class='ocrx_word' id='word_1_146' title='bbox 1379 2375 1409 2422; x_wconf 91' lang='lat' dir='ltr'>et</span> <span class='ocrx_word' id='word_1_147' title='bbox 1441 2361 1523 2422; x_wconf 91' lang='lat' dir='ltr'>inter</span> <span class='ocrx_word' id='word_1_148' title='bbox 1555 2361 1651 2423; x_wconf 89' lang='lat' dir='ltr'>aliam</span> 
     </span>
     <span class='ocr_line' id='line_1_19' title="bbox 385 2465 1650 2529; baseline 0 -1"><span class='ocrx_word' id='word_1_149' title='bbox 385 2467 511 2528; x_wconf 91' lang='lat' dir='ltr'>vineam</span> <span class='ocrx_word' id='word_1_150' title='bbox 530 2466 675 2528; x_wconf 91' lang='lat' dir='ltr'>eiusdem</span> <span class='ocrx_word' id='word_1_151' title='bbox 700 2466 801 2527; x_wconf 88' lang='lat' dir='ltr'>Elene</span> <span class='ocrx_word' id='word_1_152' title='bbox 827 2465 971 2527; x_wconf 91' lang='lat' dir='ltr'>mulieris</span> <span class='ocrx_word' id='word_1_153' title='bbox 995 2466 1104 2528; x_wconf 88' lang='lat' dir='ltr'>relicte</span> <span class='ocrx_word' id='word_1_154' title='bbox 1127 2479 1157 2528; x_wconf 89' lang='lat' dir='ltr'>et</span> <span class='ocrx_word' id='word_1_155' title='bbox 1181 2465 1320 2528; x_wconf 85' lang='lat' dir='ltr'>filiorum</span> <span class='ocrx_word' id='word_1_156' title='bbox 1339 2467 1483 2528; x_wconf 87' lang='lat' dir='ltr'>annotati</span> <span class='ocrx_word' id='word_1_157' title='bbox 1512 2467 1650 2529; x_wconf 88' lang='lat' dir='ltr'>condam</span> 
     </span>
     <span class='ocr_line' id='line_1_20' title="bbox 387 2571 1652 2654; baseline 0.002 -21"><span class='ocrx_word' id='word_1_158' title='bbox 387 2571 661 2652; x_wconf 88' lang='lat' dir='ltr'>Bartholomei,a</span> <span class='ocrx_word' id='word_1_159' title='bbox 693 2585 781 2653; x_wconf 88' lang='lat' dir='ltr'>parte</span> <span class='ocrx_word' id='word_1_160' title='bbox 814 2571 1031 2650; x_wconf 88' lang='lat' dir='ltr'>meridionali,</span> <span class='ocrx_word' id='word_1_161' title='bbox 1063 2572 1225 2634; x_wconf 89' lang='lat' dir='ltr'>mediante</span> <span class='ocrx_word' id='word_1_162' title='bbox 1260 2571 1399 2654; x_wconf 86' lang='lat' dir='ltr'>quadam</span> <span class='ocrx_word' id='word_1_163' title='bbox 1424 2573 1476 2634; x_wconf 88' lang='lat' dir='ltr'>via</span> <span class='ocrx_word' id='word_1_164' title='bbox 1512 2575 1652 2636; x_wconf 88' lang='lat' dir='ltr'>curruali</span> 
     </span>
     <span class='ocr_line' id='line_1_21' title="bbox 384 2678 1647 2763; baseline 0.002 -23"><span class='ocrx_word' id='word_1_165' title='bbox 384 2679 504 2740; x_wconf 91' lang='lat' dir='ltr'>eisdem</span> <span class='ocrx_word' id='word_1_166' title='bbox 518 2678 619 2739; x_wconf 88' lang='lat' dir='ltr'>vineis</span> <span class='ocrx_word' id='word_1_167' title='bbox 631 2678 858 2740; x_wconf 88' lang='lat' dir='ltr'>tantummodo</span> <span class='ocrx_word' id='word_1_168' title='bbox 872 2678 1114 2740; x_wconf 89' lang='lat' dir='ltr'>ciucumvicinis</span> <span class='ocrx_word' id='word_1_169' title='bbox 1132 2678 1352 2758; x_wconf 88' lang='lat' dir='ltr'>deserviente,</span> <span class='ocrx_word' id='word_1_170' title='bbox 1379 2679 1515 2762; x_wconf 88' lang='lat' dir='ltr'>desuper</span> <span class='ocrx_word' id='word_1_171' title='bbox 1527 2701 1545 2742; x_wconf 88' lang='lat' dir='ltr'>a</span> <span class='ocrx_word' id='word_1_172' title='bbox 1559 2696 1647 2763; x_wconf 87' lang='lat' dir='ltr'>parte</span> 
     </span>
     <span class='ocr_line' id='line_1_22' title="bbox 383 2783 1647 2869; baseline 0.002 -23"><span class='ocrx_word' id='word_1_173' title='bbox 383 2785 515 2846; x_wconf 90' lang='lat' dir='ltr'>orientis</span> <span class='ocrx_word' id='word_1_174' title='bbox 539 2784 725 2865; x_wconf 87' lang='lat' dir='ltr'>incipiendo</span> <span class='ocrx_word' id='word_1_175' title='bbox 750 2804 767 2845; x_wconf 91' lang='lat' dir='ltr'>a</span> <span class='ocrx_word' id='word_1_176' title='bbox 793 2786 841 2846; x_wconf 91' lang='lat' dir='ltr'>via</span> <span class='ocrx_word' id='word_1_177' title='bbox 868 2785 1033 2846; x_wconf 92' lang='lat' dir='ltr'>communi</span> <span class='ocrx_word' id='word_1_178' title='bbox 1058 2797 1089 2846; x_wconf 91' lang='lat' dir='ltr'>et</span> <span class='ocrx_word' id='word_1_179' title='bbox 1113 2783 1193 2847; x_wconf 84' lang='lat' dir='ltr'>infra</span> <span class='ocrx_word' id='word_1_180' title='bbox 1223 2804 1324 2866; x_wconf 90' lang='lat' dir='ltr'>usque</span> <span class='ocrx_word' id='word_1_181' title='bbox 1350 2785 1491 2847; x_wconf 91' lang='lat' dir='ltr'>rivulum</span> <span class='ocrx_word' id='word_1_182' title='bbox 1516 2807 1532 2846; x_wconf 88' lang='lat' dir='ltr'>a</span> <span class='ocrx_word' id='word_1_183' title='bbox 1557 2801 1647 2869; x_wconf 89' lang='lat' dir='ltr'>parte</span> 
     </span>
     <span class='ocr_line' id='line_1_23' title="bbox 383 2889 1652 2976; baseline 0.002 -23"><span class='ocrx_word' id='word_1_184' title='bbox 383 2890 570 2970; x_wconf 88' lang='lat' dir='ltr'>occidentis,</span> <span class='ocrx_word' id='word_1_185' title='bbox 595 2911 630 2952; x_wconf 88' lang='lat' dir='ltr'>ac</span> <span class='ocrx_word' id='word_1_186' title='bbox 655 2893 714 2952; x_wconf 89' lang='lat' dir='ltr'>sub</span> <span class='ocrx_word' id='word_1_187' title='bbox 740 2891 832 2952; x_wconf 89' lang='lat' dir='ltr'>metis</span> <span class='ocrx_word' id='word_1_188' title='bbox 857 2889 1076 2972; x_wconf 85' lang='lat' dir='ltr'>infrascriptis,</span> <span class='ocrx_word' id='word_1_189' title='bbox 1100 2891 1203 2953; x_wconf 90' lang='lat' dir='ltr'>simul</span> <span class='ocrx_word' id='word_1_190' title='bbox 1229 2911 1302 2952; x_wconf 92' lang='lat' dir='ltr'>cum</span> <span class='ocrx_word' id='word_1_191' title='bbox 1327 2892 1406 2954; x_wconf 88' lang='lat' dir='ltr'>silva</span> <span class='ocrx_word' id='word_1_192' title='bbox 1431 2913 1487 2954; x_wconf 90' lang='lat' dir='ltr'>seu</span> <span class='ocrx_word' id='word_1_193' title='bbox 1512 2893 1652 2976; x_wconf 92' lang='lat' dir='ltr'>virgulto</span> 
     </span>
     <span class='ocr_line' id='line_1_24' title="bbox 383 2997 1652 3080; baseline 0.002 -22"><span class='ocrx_word' id='word_1_194' title='bbox 383 2997 506 3060; x_wconf 89' lang='lat' dir='ltr'>eisdem</span> <span class='ocrx_word' id='word_1_195' title='bbox 531 2997 656 3058; x_wconf 88' lang='lat' dir='ltr'>duabus</span> <span class='ocrx_word' id='word_1_196' title='bbox 679 2998 781 3059; x_wconf 90' lang='lat' dir='ltr'>vineis</span> <span class='ocrx_word' id='word_1_197' title='bbox 805 2998 864 3058; x_wconf 92' lang='lat' dir='ltr'>sub</span> <span class='ocrx_word' id='word_1_198' title='bbox 890 3012 920 3058; x_wconf 90' lang='lat' dir='ltr'>et</span> <span class='ocrx_word' id='word_1_199' title='bbox 943 2997 1116 3078; x_wconf 85' lang='lat' dir='ltr'>adjacenti,</span> <span class='ocrx_word' id='word_1_200' title='bbox 1141 2999 1242 3080; x_wconf 88' lang='lat' dir='ltr'>ipsam</span> <span class='ocrx_word' id='word_1_201' title='bbox 1275 2998 1396 3060; x_wconf 88' lang='lat' dir='ltr'>scilicet</span> <span class='ocrx_word' id='word_1_202' title='bbox 1421 2999 1556 3061; x_wconf 87' lang='lat' dir='ltr'>Elenam</span> <span class='ocrx_word' id='word_1_203' title='bbox 1582 3020 1652 3061; x_wconf 91' lang='lat' dir='ltr'>mu·</span> 
     </span>
     <span class='ocr_line' id='line_1_25' title="bbox 382 3102 1650 3185; baseline 0.002 -21"><span class='ocrx_word' id='word_1_204' title='bbox 382 3103 493 3165; x_wconf 92' lang='lat' dir='ltr'>lierem</span> <span class='ocrx_word' id='word_1_205' title='bbox 518 3103 672 3183; x_wconf 88' lang='lat' dir='ltr'>relictam,</span> <span class='ocrx_word' id='word_1_206' title='bbox 697 3123 732 3166; x_wconf 89' lang='lat' dir='ltr'>ac</span> <span class='ocrx_word' id='word_1_207' title='bbox 756 3102 840 3164; x_wconf 89' lang='lat' dir='ltr'>filios</span> <span class='ocrx_word' id='word_1_208' title='bbox 858 3118 889 3165; x_wconf 89' lang='lat' dir='ltr'>et</span> <span class='ocrx_word' id='word_1_209' title='bbox 913 3102 994 3165; x_wconf 91' lang='lat' dir='ltr'>filias</span> <span class='ocrx_word' id='word_1_210' title='bbox 1011 3123 1083 3164; x_wconf 88' lang='lat' dir='ltr'>suas</span> <span class='ocrx_word' id='word_1_211' title='bbox 1101 3117 1173 3185; x_wconf 90' lang='lat' dir='ltr'>post</span> <span class='ocrx_word' id='word_1_212' title='bbox 1197 3104 1322 3166; x_wconf 91' lang='lat' dir='ltr'>obitum</span> <span class='ocrx_word' id='word_1_213' title='bbox 1342 3104 1488 3167; x_wconf 90' lang='lat' dir='ltr'>eiusdem</span> <span class='ocrx_word' id='word_1_214' title='bbox 1514 3105 1650 3167; x_wconf 89' lang='lat' dir='ltr'>condam</span> 
     </span>
     <span class='ocr_line' id='line_1_26' title="bbox 383 3210 1652 3289; baseline 0.002 -17"><span class='ocrx_word' id='word_1_215' title='bbox 383 3210 601 3272; x_wconf 90' lang='lat' dir='ltr'>Bartholomei</span> <span class='ocrx_word' id='word_1_216' title='bbox 627 3211 801 3273; x_wconf 88' lang='lat' dir='ltr'>literatorie</span> <span class='ocrx_word' id='word_1_217' title='bbox 827 3223 1065 3289; x_wconf 89' lang='lat' dir='ltr'>concernentes,</span> <span class='ocrx_word' id='word_1_218' title='bbox 1099 3231 1172 3272; x_wconf 90' lang='lat' dir='ltr'>eum</span> <span class='ocrx_word' id='word_1_219' title='bbox 1197 3213 1348 3273; x_wconf 91' lang='lat' dir='ltr'>omnibus</span> <span class='ocrx_word' id='word_1_220' title='bbox 1383 3213 1568 3274; x_wconf 91' lang='lat' dir='ltr'>earumdem</span> <span class='ocrx_word' id='word_1_221' title='bbox 1594 3213 1652 3275; x_wconf 93' lang='lat' dir='ltr'>du·</span> 
     </span>
     <span class='ocr_line' id='line_1_27' title="bbox 382 3317 1648 3398; baseline 0.002 -20"><span class='ocrx_word' id='word_1_222' title='bbox 382 3336 472 3378; x_wconf 86' lang='lat' dir='ltr'>atum</span> <span class='ocrx_word' id='word_1_223' title='bbox 498 3317 664 3378; x_wconf 86' lang='lat' dir='ltr'>vinearum</span> <span class='ocrx_word' id='word_1_224' title='bbox 691 3317 882 3379; x_wconf 91' lang='lat' dir='ltr'>utilitatibus</span> <span class='ocrx_word' id='word_1_225' title='bbox 907 3329 964 3379; x_wconf 91' lang='lat' dir='ltr'>etc.</span> <span class='ocrx_word' id='word_1_226' title='bbox 990 3317 1059 3378; x_wconf 92' lang='lat' dir='ltr'>viro</span> <span class='ocrx_word' id='word_1_227' title='bbox 1084 3317 1221 3398; x_wconf 91' lang='lat' dir='ltr'>provido</span> <span class='ocrx_word' id='word_1_228' title='bbox 1250 3332 1280 3379; x_wconf 94' lang='lat' dir='ltr'>et</span> <span class='ocrx_word' id='word_1_229' title='bbox 1306 3317 1445 3380; x_wconf 91' lang='lat' dir='ltr'>honesto</span> <span class='ocrx_word' id='word_1_230' title='bbox 1471 3319 1648 3382; x_wconf 89' lang='lat' dir='ltr'>Benedicto</span> 
     </span>
     <span class='ocr_line' id='line_1_28' title="bbox 385 3422 1650 3508; baseline 0.002 -24"><span class='ocrx_word' id='word_1_231' title='bbox 385 3423 485 3484; x_wconf 90' lang='lat' dir='ltr'>sutori</span> <span class='ocrx_word' id='word_1_232' title='bbox 502 3423 621 3483; x_wconf 88' lang='lat' dir='ltr'>seniori</span> <span class='ocrx_word' id='word_1_233' title='bbox 631 3422 734 3503; x_wconf 88' lang='lat' dir='ltr'>jurato</span> <span class='ocrx_word' id='word_1_234' title='bbox 749 3437 779 3485; x_wconf 94' lang='lat' dir='ltr'>et</span> <span class='ocrx_word' id='word_1_235' title='bbox 798 3425 922 3484; x_wconf 94' lang='lat' dir='ltr'>concivi</span> <span class='ocrx_word' id='word_1_236' title='bbox 939 3435 1049 3486; x_wconf 91' lang='lat' dir='ltr'>nostro</span> <span class='ocrx_word' id='word_1_237' title='bbox 1066 3422 1133 3484; x_wconf 89' lang='lat' dir='ltr'>filio</span> <span class='ocrx_word' id='word_1_238' title='bbox 1145 3423 1299 3505; x_wconf 90' lang='lat' dir='ltr'>Stephani</span> <span class='ocrx_word' id='word_1_239' title='bbox 1316 3424 1354 3484; x_wconf 90' lang='lat' dir='ltr'>de</span> <span class='ocrx_word' id='word_1_240' title='bbox 1378 3423 1526 3508; x_wconf 86' lang='lat' dir='ltr'>lwanych</span> <span class='ocrx_word' id='word_1_241' title='bbox 1543 3446 1580 3488; x_wconf 88' lang='lat' dir='ltr'>ac</span> <span class='ocrx_word' id='word_1_242' title='bbox 1593 3445 1650 3508; x_wconf 89' lang='lat' dir='ltr'>per</span> 
     </span>
     <span class='ocr_line' id='line_1_29' title="bbox 385 3529 1650 3614; baseline 0.002 -23"><span class='ocrx_word' id='word_1_243' title='bbox 385 3549 458 3591; x_wconf 91' lang='lat' dir='ltr'>eum</span> <span class='ocrx_word' id='word_1_244' title='bbox 484 3530 548 3590; x_wconf 92' lang='lat' dir='ltr'>suis</span> <span class='ocrx_word' id='word_1_245' title='bbox 572 3529 744 3591; x_wconf 90' lang='lat' dir='ltr'>heredibus</span> <span class='ocrx_word' id='word_1_246' title='bbox 768 3550 827 3611; x_wconf 91' lang='lat' dir='ltr'>pro</span> <span class='ocrx_word' id='word_1_247' title='bbox 852 3530 1035 3612; x_wconf 89' lang='lat' dir='ltr'>quindecim</span> <span class='ocrx_word' id='word_1_248' title='bbox 1062 3530 1177 3591; x_wconf 87' lang='lat' dir='ltr'>marcis</span> <span class='ocrx_word' id='word_1_249' title='bbox 1208 3550 1244 3591; x_wconf 89' lang='lat' dir='ltr'>ac</span> <span class='ocrx_word' id='word_1_250' title='bbox 1269 3531 1397 3592; x_wconf 91' lang='lat' dir='ltr'>duabus</span> <span class='ocrx_word' id='word_1_251' title='bbox 1421 3533 1528 3614; x_wconf 87' lang='lat' dir='ltr'>pensis</span> <span class='ocrx_word' id='word_1_252' title='bbox 1553 3531 1650 3594; x_wconf 87' lang='lat' dir='ltr'>dena·</span> 
     </span>
     <span class='ocr_line' id='line_1_30' title="bbox 386 3635 1650 3718; baseline 0.003 -22"><span class='ocrx_word' id='word_1_253' title='bbox 386 3636 506 3698; x_wconf 79' lang='lat' dir='ltr'>norum</span> <span class='ocrx_word' id='word_1_254' title='bbox 520 3635 754 3696; x_wconf 80' lang='lat' dir='ltr'>viennensium</span> <span class='ocrx_word' id='word_1_255' title='bbox 774 3637 934 3698; x_wconf 89' lang='lat' dir='ltr'>usualium</span> <span class='ocrx_word' id='word_1_256' title='bbox 952 3656 1007 3718; x_wconf 91' lang='lat' dir='ltr'>per</span> <span class='ocrx_word' id='word_1_257' title='bbox 1017 3635 1156 3698; x_wconf 90' lang='lat' dir='ltr'>eundem</span> <span class='ocrx_word' id='word_1_258' title='bbox 1168 3636 1379 3699; x_wconf 88' lang='lat' dir='ltr'>Benedictum</span> <span class='ocrx_word' id='word_1_259' title='bbox 1391 3652 1533 3699; x_wconf 89' lang='lat' dir='ltr'>sutorem</span> <span class='ocrx_word' id='word_1_260' title='bbox 1546 3638 1650 3700; x_wconf 88' lang='lat' dir='ltr'>eidem</span> 
     </span>
     <span class='ocr_line' id='line_1_31' title="bbox 384 3741 1651 3826; baseline 0.003 -23"><span class='ocrx_word' id='word_1_261' title='bbox 384 3742 485 3804; x_wconf 89' lang='lat' dir='ltr'>Elene</span> <span class='ocrx_word' id='word_1_262' title='bbox 510 3741 636 3804; x_wconf 90' lang='lat' dir='ltr'>mulieri</span> <span class='ocrx_word' id='word_1_263' title='bbox 661 3743 769 3804; x_wconf 90' lang='lat' dir='ltr'>relicte</span> <span class='ocrx_word' id='word_1_264' title='bbox 795 3743 894 3824; x_wconf 92' lang='lat' dir='ltr'>ipsius</span> <span class='ocrx_word' id='word_1_265' title='bbox 925 3743 1063 3804; x_wconf 91' lang='lat' dir='ltr'>condam</span> <span class='ocrx_word' id='word_1_266' title='bbox 1088 3743 1317 3805; x_wconf 87' lang='lat' dir='ltr'>Bartholomei</span> <span class='ocrx_word' id='word_1_267' title='bbox 1349 3744 1445 3826; x_wconf 89' lang='lat' dir='ltr'>plene</span> <span class='ocrx_word' id='word_1_268' title='bbox 1469 3745 1651 3826; x_wconf 90' lang='lat' dir='ltr'>persolutis.</span> 
     </span>
     <span class='ocr_line' id='line_1_32' title="bbox 384 3849 1648 3934; baseline 0.002 -24"><span class='ocrx_word' id='word_1_269' title='bbox 384 3849 478 3930; x_wconf 89' lang='lat' dir='ltr'>Mege</span> <span class='ocrx_word' id='word_1_270' title='bbox 502 3862 608 3911; x_wconf 88' lang='lat' dir='ltr'>autem</span> <span class='ocrx_word' id='word_1_271' title='bbox 635 3869 651 3910; x_wconf 91' lang='lat' dir='ltr'>a</span> <span class='ocrx_word' id='word_1_272' title='bbox 677 3863 764 3930; x_wconf 89' lang='lat' dir='ltr'>parte</span> <span class='ocrx_word' id='word_1_273' title='bbox 790 3849 993 3911; x_wconf 88' lang='lat' dir='ltr'>meridionali</span> <span class='ocrx_word' id='word_1_274' title='bbox 1019 3850 1206 3911; x_wconf 87' lang='lat' dir='ltr'>earumdem</span> <span class='ocrx_word' id='word_1_275' title='bbox 1240 3850 1408 3912; x_wconf 89' lang='lat' dir='ltr'>vinearum</span> <span class='ocrx_word' id='word_1_276' title='bbox 1434 3851 1545 3934; x_wconf 89' lang='lat' dir='ltr'>incipit</span> <span class='ocrx_word' id='word_1_277' title='bbox 1569 3851 1648 3913; x_wconf 86' lang='lat' dir='ltr'>inl·</span> 
     </span>
     <span class='ocr_line' id='line_1_33' title="bbox 379 3954 1647 4040; baseline 0.001 -22"><span class='ocrx_word' id='word_1_278' title='bbox 379 3956 445 4018; x_wconf 88' lang='lat' dir='ltr'>rius</span> <span class='ocrx_word' id='word_1_279' title='bbox 469 3977 487 4016; x_wconf 88' lang='lat' dir='ltr'>a</span> <span class='ocrx_word' id='word_1_280' title='bbox 511 3954 651 4036; x_wconf 87' lang='lat' dir='ltr'>quadam</span> <span class='ocrx_word' id='word_1_281' title='bbox 676 3957 790 4017; x_wconf 90' lang='lat' dir='ltr'>arbore</span> <span class='ocrx_word' id='word_1_282' title='bbox 814 3957 926 4038; x_wconf 91' lang='lat' dir='ltr'>persici</span> <span class='ocrx_word' id='word_1_283' title='bbox 962 3977 1061 4038; x_wconf 88' lang='lat' dir='ltr'>penes</span> <span class='ocrx_word' id='word_1_284' title='bbox 1096 3956 1225 4018; x_wconf 90' lang='lat' dir='ltr'>easdem</span> <span class='ocrx_word' id='word_1_285' title='bbox 1260 3957 1370 4018; x_wconf 90' lang='lat' dir='ltr'>vineas</span> <span class='ocrx_word' id='word_1_286' title='bbox 1398 3977 1491 4019; x_wconf 90' lang='lat' dir='ltr'>cruce</span> <span class='ocrx_word' id='word_1_287' title='bbox 1523 3958 1647 4040; x_wconf 87' lang='lat' dir='ltr'>signata</span> 
     </span>
     <span class='ocr_line' id='line_1_34' title="bbox 382 4061 1648 4145; baseline 0.002 -21"><span class='ocrx_word' id='word_1_288' title='bbox 382 4076 413 4124; x_wconf 92' lang='lat' dir='ltr'>et</span> <span class='ocrx_word' id='word_1_289' title='bbox 437 4081 495 4144; x_wconf 89' lang='lat' dir='ltr'>pto</span> <span class='ocrx_word' id='word_1_290' title='bbox 527 4073 611 4122; x_wconf 89' lang='lat' dir='ltr'>meta</span> <span class='ocrx_word' id='word_1_291' title='bbox 644 4061 758 4140; x_wconf 89' lang='lat' dir='ltr'>locata,</span> <span class='ocrx_word' id='word_1_292' title='bbox 791 4075 822 4124; x_wconf 89' lang='lat' dir='ltr'>et</span> <span class='ocrx_word' id='word_1_293' title='bbox 854 4061 970 4123; x_wconf 89' lang='lat' dir='ltr'>deinde</span> <span class='ocrx_word' id='word_1_294' title='bbox 1004 4063 1091 4124; x_wconf 93' lang='lat' dir='ltr'>vadit</span> <span class='ocrx_word' id='word_1_295' title='bbox 1122 4062 1162 4124; x_wconf 90' lang='lat' dir='ltr'>ad</span> <span class='ocrx_word' id='word_1_296' title='bbox 1195 4076 1318 4145; x_wconf 89' lang='lat' dir='ltr'>partem</span> <span class='ocrx_word' id='word_1_297' title='bbox 1351 4064 1584 4126; x_wconf 89' lang='lat' dir='ltr'>occidentalem</span> <span class='ocrx_word' id='word_1_298' title='bbox 1609 4065 1648 4126; x_wconf 89' lang='lat' dir='ltr'>ad</span> 
     </span>
     <span class='ocr_line' id='line_1_35' title="bbox 382 4167 1650 4252; baseline 0.002 -23"><span class='ocrx_word' id='word_1_299' title='bbox 382 4167 544 4250; x_wconf 87' lang='lat' dir='ltr'>quandam</span> <span class='ocrx_word' id='word_1_300' title='bbox 571 4169 719 4229; x_wconf 88' lang='lat' dir='ltr'>arborem</span> <span class='ocrx_word' id='word_1_301' title='bbox 744 4167 803 4249; x_wconf 91' lang='lat' dir='ltr'>piri</span> <span class='ocrx_word' id='word_1_302' title='bbox 829 4187 921 4228; x_wconf 88' lang='lat' dir='ltr'>cruce</span> <span class='ocrx_word' id='word_1_303' title='bbox 946 4169 1079 4230; x_wconf 87' lang='lat' dir='ltr'>incisam</span> <span class='ocrx_word' id='word_1_304' title='bbox 1105 4183 1136 4231; x_wconf 90' lang='lat' dir='ltr'>et</span> <span class='ocrx_word' id='word_1_305' title='bbox 1160 4189 1218 4252; x_wconf 90' lang='lat' dir='ltr'>pro</span> <span class='ocrx_word' id='word_1_306' title='bbox 1248 4185 1331 4231; x_wconf 88' lang='lat' dir='ltr'>meta</span> <span class='ocrx_word' id='word_1_307' title='bbox 1358 4171 1506 4248; x_wconf 88' lang='lat' dir='ltr'>locatam,</span> <span class='ocrx_word' id='word_1_308' title='bbox 1533 4170 1650 4232; x_wconf 89' lang='lat' dir='ltr'>abhinc</span> 
     </span>
     <span class='ocr_line' id='line_1_36' title="bbox 382 4273 1650 4359; baseline 0.003 -24"><span class='ocrx_word' id='word_1_309' title='bbox 382 4273 513 4336; x_wconf 87' lang='lat' dir='ltr'>alterius</span> <span class='ocrx_word' id='word_1_310' title='bbox 538 4273 683 4356; x_wconf 92' lang='lat' dir='ltr'>procedit</span> <span class='ocrx_word' id='word_1_311' title='bbox 708 4293 765 4356; x_wconf 89' lang='lat' dir='ltr'>pet</span> <span class='ocrx_word' id='word_1_312' title='bbox 789 4275 925 4336; x_wconf 88' lang='lat' dir='ltr'>eandem</span> <span class='ocrx_word' id='word_1_313' title='bbox 960 4275 1087 4357; x_wconf 86' lang='lat' dir='ltr'>plagam</span> <span class='ocrx_word' id='word_1_314' title='bbox 1113 4277 1349 4338; x_wconf 88' lang='lat' dir='ltr'>occidentalem</span> <span class='ocrx_word' id='word_1_315' title='bbox 1384 4277 1502 4339; x_wconf 89' lang='lat' dir='ltr'>directe</span> <span class='ocrx_word' id='word_1_316' title='bbox 1527 4292 1558 4339; x_wconf 91' lang='lat' dir='ltr'>et</span> <span class='ocrx_word' id='word_1_317' title='bbox 1580 4297 1650 4359; x_wconf 86' lang='lat' dir='ltr'>per·</span> 
     </span>
     <span class='ocr_line' id='line_1_37' title="bbox 381 4380 1650 4468; baseline 0.006 -30"><span class='ocrx_word' id='word_1_318' title='bbox 381 4380 469 4442; x_wconf 91' lang='lat' dir='ltr'>venit</span> <span class='ocrx_word' id='word_1_319' title='bbox 494 4380 533 4440; x_wconf 90' lang='lat' dir='ltr'>ad</span> <span class='ocrx_word' id='word_1_320' title='bbox 559 4381 654 4442; x_wconf 87' lang='lat' dir='ltr'>aliern</span> <span class='ocrx_word' id='word_1_321' title='bbox 678 4382 824 4442; x_wconf 87' lang='lat' dir='ltr'>arborem</span> <span class='ocrx_word' id='word_1_322' title='bbox 844 4381 904 4463; x_wconf 91' lang='lat' dir='ltr'>piri</span> <span class='ocrx_word' id='word_1_323' title='bbox 923 4383 1102 4464; x_wconf 90' lang='lat' dir='ltr'>plantulam</span> <span class='ocrx_word' id='word_1_324' title='bbox 1121 4383 1223 4464; x_wconf 90' lang='lat' dir='ltr'>vulgo</span> <span class='ocrx_word' id='word_1_325' title='bbox 1241 4383 1504 4468; x_wconf 87' lang='lat' dir='ltr'>Petrowschycza</span> <span class='ocrx_word' id='word_1_326' title='bbox 1520 4384 1650 4464; x_wconf 88' lang='lat' dir='ltr'>dictam,</span> 
     </span>
     <span class='ocr_line' id='line_1_38' title="bbox 382 4487 1649 4572; baseline 0.003 -24"><span class='ocrx_word' id='word_1_327' title='bbox 382 4507 475 4549; x_wconf 89' lang='lat' dir='ltr'>cruce</span> <span class='ocrx_word' id='word_1_328' title='bbox 499 4489 667 4569; x_wconf 87' lang='lat' dir='ltr'>signatam,</span> <span class='ocrx_word' id='word_1_329' title='bbox 695 4487 814 4548; x_wconf 90' lang='lat' dir='ltr'>eisdem</span> <span class='ocrx_word' id='word_1_330' title='bbox 848 4490 1004 4550; x_wconf 90' lang='lat' dir='ltr'>ambabus</span> <span class='ocrx_word' id='word_1_331' title='bbox 1036 4491 1179 4570; x_wconf 93' lang='lat' dir='ltr'>partibus</span> <span class='ocrx_word' id='word_1_332' title='bbox 1211 4491 1374 4570; x_wconf 86' lang='lat' dir='ltr'>metalem,</span> <span class='ocrx_word' id='word_1_333' title='bbox 1407 4491 1522 4552; x_wconf 87' lang='lat' dir='ltr'>abhinc</span> <span class='ocrx_word' id='word_1_334' title='bbox 1548 4511 1649 4572; x_wconf 92' lang='lat' dir='ltr'>usque</span> 
     </span>
     <span class='ocr_line' id='line_1_39' title="bbox 381 4593 1648 4677; baseline 0.002 -21"><span class='ocrx_word' id='word_1_335' title='bbox 381 4593 421 4656; x_wconf 93' lang='lat' dir='ltr'>ad</span> <span class='ocrx_word' id='word_1_336' title='bbox 445 4594 624 4677; x_wconf 88' lang='lat' dir='ltr'>predictum</span> <span class='ocrx_word' id='word_1_337' title='bbox 650 4607 792 4656; x_wconf 88' lang='lat' dir='ltr'>meatum</span> <span class='ocrx_word' id='word_1_338' title='bbox 817 4614 899 4675; x_wconf 87' lang='lat' dir='ltr'>aque</span> <span class='ocrx_word' id='word_1_339' title='bbox 924 4595 1074 4676; x_wconf 89' lang='lat' dir='ltr'>pluvialis</span> <span class='ocrx_word' id='word_1_340' title='bbox 1098 4609 1129 4657; x_wconf 89' lang='lat' dir='ltr'>et</span> <span class='ocrx_word' id='word_1_341' title='bbox 1153 4596 1197 4657; x_wconf 91' lang='lat' dir='ltr'>ibi</span> <span class='ocrx_word' id='word_1_342' title='bbox 1223 4611 1306 4658; x_wconf 89' lang='lat' dir='ltr'>mete</span> <span class='ocrx_word' id='word_1_343' title='bbox 1330 4598 1562 4674; x_wconf 90' lang='lat' dir='ltr'>terminantur;</span> <span class='ocrx_word' id='word_1_344' title='bbox 1587 4596 1648 4660; x_wconf 90' lang='lat' dir='ltr'>hoc</span> 
     </span>
     <span class='ocr_line' id='line_1_40' title="bbox 381 4698 1646 4782; baseline 0.002 -21"><span class='ocrx_word' id='word_1_345' title='bbox 381 4714 488 4762; x_wconf 91' lang='lat' dir='ltr'>tamen</span> <span class='ocrx_word' id='word_1_346' title='bbox 512 4698 706 4781; x_wconf 89' lang='lat' dir='ltr'>specificato,</span> <span class='ocrx_word' id='word_1_347' title='bbox 731 4700 819 4782; x_wconf 91' lang='lat' dir='ltr'>quod</span> <span class='ocrx_word' id='word_1_348' title='bbox 844 4700 965 4782; x_wconf 87' lang='lat' dir='ltr'>prelata</span> <span class='ocrx_word' id='word_1_349' title='bbox 991 4703 1092 4763; x_wconf 89' lang='lat' dir='ltr'>Elena</span> <span class='ocrx_word' id='word_1_350' title='bbox 1117 4703 1234 4764; x_wconf 87' lang='lat' dir='ltr'>mulier</span> <span class='ocrx_word' id='word_1_351' title='bbox 1251 4703 1359 4765; x_wconf 88' lang='lat' dir='ltr'>relicta</span> <span class='ocrx_word' id='word_1_352' title='bbox 1385 4724 1420 4765; x_wconf 89' lang='lat' dir='ltr'>ac</span> <span class='ocrx_word' id='word_1_353' title='bbox 1444 4702 1502 4765; x_wconf 88' lang='lat' dir='ltr'>filii</span> <span class='ocrx_word' id='word_1_354' title='bbox 1528 4718 1559 4766; x_wconf 91' lang='lat' dir='ltr'>et</span> <span class='ocrx_word' id='word_1_355' title='bbox 1581 4702 1646 4765; x_wconf 90' lang='lat' dir='ltr'>filie</span> 
     </span>
     <span class='ocr_line' id='line_1_41' title="bbox 381 4806 1649 4892; baseline 0.004 -24"><span class='ocrx_word' id='word_1_356' title='bbox 381 4806 526 4868; x_wconf 88' lang='lat' dir='ltr'>eiusdem</span> <span class='ocrx_word' id='word_1_357' title='bbox 551 4807 687 4869; x_wconf 88' lang='lat' dir='ltr'>condam</span> <span class='ocrx_word' id='word_1_358' title='bbox 716 4807 945 4887; x_wconf 87' lang='lat' dir='ltr'>Bartholomei,</span> <span class='ocrx_word' id='word_1_359' title='bbox 985 4810 1192 4892; x_wconf 90' lang='lat' dir='ltr'>ipsorumque</span> <span class='ocrx_word' id='word_1_360' title='bbox 1224 4809 1358 4872; x_wconf 89' lang='lat' dir='ltr'>heredes</span> <span class='ocrx_word' id='word_1_361' title='bbox 1389 4830 1533 4872; x_wconf 89' lang='lat' dir='ltr'>securam</span> <span class='ocrx_word' id='word_1_362' title='bbox 1558 4825 1588 4872; x_wconf 92' lang='lat' dir='ltr'>et</span> <span class='ocrx_word' id='word_1_363' title='bbox 1611 4811 1649 4873; x_wconf 94' lang='lat' dir='ltr'>li·</span> 
     </span>
     <span class='ocr_line' id='line_1_42' title="bbox 382 4916 1648 5000; baseline 0.005 -26"><span class='ocrx_word' id='word_1_364' title='bbox 382 4917 489 4975; x_wconf 88' lang='lat' dir='ltr'>beram</span> <span class='ocrx_word' id='word_1_365' title='bbox 516 4916 599 4976; x_wconf 89' lang='lat' dir='ltr'>viam</span> <span class='ocrx_word' id='word_1_366' title='bbox 625 4916 803 4978; x_wconf 76' lang='lat' dir='ltr'>cursualem</span> <span class='ocrx_word' id='word_1_367' title='bbox 821 4937 878 4999; x_wconf 91' lang='lat' dir='ltr'>per</span> <span class='ocrx_word' id='word_1_368' title='bbox 899 4930 1015 4978; x_wconf 90' lang='lat' dir='ltr'>terram</span> <span class='ocrx_word' id='word_1_369' title='bbox 1036 4917 1179 4999; x_wconf 89' lang='lat' dir='ltr'>ipsorum</span> <span class='ocrx_word' id='word_1_370' title='bbox 1204 4938 1304 5000; x_wconf 90' lang='lat' dir='ltr'>penes</span> <span class='ocrx_word' id='word_1_371' title='bbox 1321 4919 1454 4979; x_wconf 91' lang='lat' dir='ltr'>domum</span> <span class='ocrx_word' id='word_1_372' title='bbox 1481 4931 1512 4980; x_wconf 91' lang='lat' dir='ltr'>et</span> <span class='ocrx_word' id='word_1_373' title='bbox 1535 4919 1648 4980; x_wconf 91' lang='lat' dir='ltr'>subtus</span> 
     </span>
    </p>
   </div>
   <div class='ocr_carea' id='block_1_3' title="bbox 0 0 1932 5798">
    <p class='ocr_par' dir='ltr' id='par_1_4' title="bbox 0 0 1932 5798">
     <span class='ocr_line' id='line_1_43' title="bbox 0 0 1932 5798; baseline 0 1"><span class='ocrx_word' id='word_1_374' title='bbox 0 0 1932 5798; x_wconf 95' lang='lat' dir='ltr'> </span> 
     </span>
    </p>
   </div>
  </div>
 </body>
</html>
