3832 5804
421 581 485 641 214
950 563 1037 621 Anno
1059 559 1151 641 1462.

418 779 577 861 judicatus
608 778 667 839 viri
699 776 837 838 condam
871 775 997 858 providi
1030 775 1185 838 lobannis
1220 775 1298 837 olim
1330 775 1445 857 judicis
1478 791 1510 839 et
1540 778 1680 839 concivis

419 887 517 948 nostri
535 885 611 948 dicti
629 885 738 946 Prawz
762 881 819 945 filii
838 881 1002 961 lobannis,
1026 882 1066 944 de
1083 902 1168 944 anno
1187 882 1317 944 Domini
1334 882 1508 945 millesimo
1526 884 1679 965 madrin-

417 994 597 1075 gentesimo
606 991 733 1054 decimo
746 990 883 1072 septimo
896 989 973 1051 seria
987 990 1099 1072 quinta
1110 991 1254 1080 proxima
1264 1005 1336 1072 post
1346 989 1461 1052 festum
1477 991 1559 1054 beati
1571 992 1680 1054 Jacobi

419 1101 557 1183 apostoli
581 1099 705 1162 dudum
730 1097 898 1180 preteritis,
923 1116 981 1178 pro
1006 1111 1094 1179 parte
1116 1097 1259 1178 ipsorum
1284 1098 1456 1180 superinde
1481 1097 1625 1160 confecta
1650 1113 1681 1162 et

419 1222 566 1270 emanata
590 1227 626 1268 ac
650 1225 759 1268 coram
785 1204 879 1265 nobis
896 1205 928 1265 in
945 1205 1050 1286 specie
1075 1205 1230 1286 producta
1248 1205 1332 1266 clare
1349 1206 1489 1268 vidimus
1514 1207 1680 1286 contineri,

419 1315 515 1376 simul
539 1333 611 1376 cunt
630 1313 782 1374 omnibus
799 1325 858 1374 etc.
876 1309 999 1393 prefato
1017 1310 1160 1392 Georgio
1178 1312 1247 1373 viro
1267 1313 1425 1393 legittimo
1443 1314 1542 1394 ipsius
1560 1314 1680 1396 Marga-

419 1420 508 1484 rethe
533 1421 678 1482 mulieris
702 1435 735 1480 ut
759 1417 822 1500 jam
846 1437 932 1479 novo
965 1419 1090 1480 concivi
1125 1431 1234 1480 nostro
1258 1438 1295 1480 ac
1319 1439 1375 1501 per
1407 1439 1480 1481 eum
1506 1420 1570 1482 suis
1595 1421 1681 1482 here-

420 1528 515 1590 dibus
538 1547 596 1609 pro
621 1539 759 1608 quatuor
783 1523 852 1586 flor.
877 1524 954 1606 ipsis
971 1524 1193 1586 venditoribus
1216 1525 1355 1586 solutam
1380 1525 1601 1587 vendidissent
1624 1541 1681 1588 etc.

525 1632 624 1707 Quod
655 1631 790 1714 provida
830 1643 861 1693 et
893 1631 1026 1692 honesta
1060 1631 1176 1692 mulier
1207 1635 1315 1711 Agnes
1346 1646 1459 1693 vocata
1492 1631 1680 1715 Drusycbna

419 1739 579 1823 appellata
611 1739 721 1801 relicta
753 1737 890 1800 condam
924 1737 1086 1799 Dominici
1118 1739 1247 1798 sartoris
1287 1738 1366 1799 alias
1410 1739 1552 1800 concivis
1585 1739 1680 1800 nostri

419 1845 477 1908 filii
502 1845 652 1906 videlicet
676 1843 779 1922 Pauli,
804 1863 889 1905 nunc
914 1862 990 1904 vero
1022 1863 1152 1905 consors
1183 1844 1340 1926 legittima
1365 1843 1529 1906 Valentini
1554 1843 1681 1906 sartoris

420 1953 581 2034 Pangracz
605 1950 681 2013 dicti
706 1949 854 2011 similiter
878 1949 1019 2011 concivis
1050 1950 1149 2011 nostri
1173 1947 1232 2010 filii
1265 1948 1415 2012 videlicet
1440 1951 1579 2030 Andree,
1604 1969 1679 2012 con·

420 2057 497 2120 civis
521 2073 640 2136 nostra,
664 2053 809 2118 confessa
833 2069 890 2133 est,
915 2070 949 2116 ut
973 2056 1041 2138 ipsa
1066 2057 1108 2118 ob
1125 2075 1269 2118 amorem
1294 2055 1472 2138 conjugalis
1496 2055 1682 2118 dileccionis

418 2162 532 2248 prefati
556 2163 719 2226 Valentini
743 2162 906 2244 quandam
932 2163 1060 2223 vineam
1081 2161 1194 2244 prefati
1225 2161 1362 2224 condam
1388 2163 1550 2224 Dominici
1576 2163 1682 2224 mariti

418 2271 478 2350 sui,
502 2271 533 2332 in
559 2270 720 2332 territorio
745 2283 855 2332 nostro
879 2289 935 2332 seu
960 2269 1097 2331 civitatis
1121 2268 1242 2351 prefate
1260 2271 1341 2330 inter
1371 2271 1481 2330 vineas
1505 2269 1682 2332 liberorum

419 2376 558 2439 condam
584 2377 711 2438 Nicolai
736 2376 877 2457 agricole
901 2375 941 2436 de
973 2375 1049 2436 villa
1074 2374 1280 2438 Ctalewcza
1312 2376 1567 2458 septemtrionali
1592 2376 1679 2439 vide·

419 2485 495 2546 licet
518 2496 608 2566 parte
632 2497 663 2544 et
687 2483 769 2545 inter
793 2483 920 2544 vineam
946 2481 1067 2564 prefate
1092 2482 1226 2562 Agnetis
1257 2482 1401 2544 mulieris
1424 2483 1534 2546 relicte
1559 2497 1591 2546 et
1614 2504 1682 2546 suc-

421 2609 584 2652 cessorum
608 2589 723 2673 prelati
748 2589 885 2650 condam
905 2587 1067 2650 Dominici
1084 2587 1320 2648 ameridionali
1339 2589 1532 2669 pertentas,
1550 2589 1684 2672 desuper

420 2697 512 2760 avia
537 2697 703 2760 communi
728 2716 844 2776 magna
870 2715 926 2774 per
961 2694 1124 2776 quandam
1150 2695 1297 2757 arborem
1333 2715 1469 2776 quercus
1500 2697 1684 2779 incipiendo

421 2818 453 2866 et
476 2803 558 2866 inira
583 2823 640 2886 per
663 2803 818 2865 fossatum
843 2801 1069 2864 descendendo
1095 2820 1197 2882 usque
1230 2801 1381 2880 rivulum,
1405 2803 1502 2864 simul
1526 2823 1599 2865 cum
1625 2805 1685 2866 vir·

420 2910 512 2993 gulto
537 2910 643 2971 eidem
668 2910 761 2970 vinee
784 2908 961 2990 subjacenti
989 2927 1022 2968 se
1055 2907 1290 2982 extendentem,
1316 2908 1421 2990 ipsum
1454 2909 1591 2971 condam
1619 2911 1681 2972 Do·

422 3017 577 3080 minicum
602 3030 757 3078 sartorem
782 3017 821 3077 ab
840 3015 920 3098 Elya
938 3013 1042 3076 ludeo
1066 3013 1134 3076 filio
1152 3014 1293 3076 Simonis
1309 3015 1389 3076 alias
1405 3015 1584 3079 habitatore
1602 3016 1684 3078 dicte

422 3124 557 3186 civitatis
588 3123 766 3206 empcionis
798 3123 893 3184 titulo
925 3121 1099 3183 literatorie
1131 3135 1396 3200 concernentem,
1428 3137 1524 3204 prout
1559 3123 1621 3186 hoc
1651 3125 1683 3185 in

423 3229 562 3310 quadam
586 3229 676 3290 litera
708 3239 816 3289 nostra
847 3241 992 3309 tempore
1024 3227 1182 3308 judicatus
1214 3227 1324 3289 Jacobi
1357 3228 1522 3310 Eberspek
1549 3231 1683 3292 senioris

423 3335 539 3416 judicis
570 3347 601 3396 et
631 3335 772 3396 concivis
803 3333 901 3395 nostri
934 3332 991 3394 filii
1017 3333 1131 3412 Vlrici,
1165 3333 1204 3394 de
1237 3352 1321 3394 anno
1347 3334 1479 3396 Domini
1512 3336 1684 3398 millesimo

424 3440 743 3523 quadringentesimo
760 3440 1032 3521 quinquagesimo
1048 3439 1190 3501 secundo
1208 3439 1239 3500 in
1258 3438 1338 3502 festo
1355 3440 1506 3503 videlicet
1531 3442 1681 3504 kathedre

424 3547 508 3608 beati
533 3547 617 3608 Petri
641 3547 778 3628 apostoli
803 3547 961 3627 preteritis
984 3565 1043 3627 pro
1068 3560 1155 3628 parte
1189 3545 1333 3608 eiusdem
1359 3547 1495 3609 condam
1520 3547 1683 3610 Dominici

422 3653 551 3715 sartoris
575 3650 718 3715 confecta
744 3667 775 3714 et
799 3667 945 3714 emanata
970 3665 1001 3714 et
1022 3671 1129 3714 coram
1156 3653 1249 3714 nobis
1274 3653 1305 3713 in
1324 3655 1430 3735 specie
1455 3654 1683 3734 demonstrata,

423 3778 496 3822 cum
521 3758 673 3820 omnibus
709 3771 768 3821 etc.
801 3758 925 3842 prelato
957 3758 1130 3821 Valentino
1164 3759 1232 3820 viro
1264 3778 1323 3820 suo
1355 3759 1495 3822 dedisset
1522 3775 1554 3822 et
1577 3761 1682 3844 propi·

423 3878 529 3928 nasset
552 3877 612 3927 etc.

530 3971 573 4034 Ut
597 3971 672 4053 quia
689 3971 822 4054 provide
856 3986 887 4034 et
909 3973 1043 4035 honeste
1068 3974 1218 4036 mulieres
1242 3973 1384 4056 primum
1408 3973 1523 4036 Vrsula
1548 3973 1683 4038 condam

424 4079 543 4141 Mathie
567 4079 696 4140 sartoris
720 4079 798 4140 olim
824 4080 916 4159 jurati
941 4095 972 4143 et
1004 4081 1146 4143 concivis
1177 4082 1276 4143 nostri
1308 4082 1417 4163 generi
1442 4101 1520 4143 vero
1546 4082 1681 4144 condam

423 4183 554 4266 Georgii
579 4185 654 4246 dicti
679 4185 836 4270 chhych
861 4201 892 4247 et
909 4191 1017 4267 Agnes
1035 4201 1146 4248 vocata
1171 4187 1360 4270 Drusycbna
1384 4187 1519 4270 (relicta)
1544 4189 1682 4250 condam

424 4291 601 4352 Clementis
625 4291 779 4352 institoris
803 4291 907 4353 fratris
931 4292 1082 4355 videlicet
1097 4292 1232 4374 junioris
1259 4292 1374 4375 prefati
1399 4293 1538 4356 condam
1564 4294 1682 4356 Mathis

422 4398 551 4458 sartoris
575 4397 721 4476 carnalis,
753 4396 893 4460 filiorum
922 4399 1073 4460 videlicet
1105 4399 1241 4460 condam
1267 4399 1431 4482 Stephani,
1454 4401 1574 4479 relicte,
1599 4419 1682 4461 nunc

423 4521 499 4563 vero
537 4517 688 4565 annotata
724 4509 832 4586 Agnes
868 4524 999 4566 consors
1035 4505 1192 4585 legittima
1224 4505 1323 4587 ipsius
1358 4505 1521 4567 Valentini
1556 4508 1683 4568 sartoris

422 4609 583 4690 Pangracz
597 4611 672 4672 dicti
689 4611 882 4692 supradicta,
896 4625 931 4674 ut
948 4612 1014 4694 ipse
1030 4610 1250 4673 vendidissent
1267 4611 1373 4672 eidem
1390 4611 1553 4693 quandam
1568 4627 1681 4674 terram

421 4713 619 4798 prelatorum
646 4718 833 4780 maritorum
852 4719 996 4800 ipsorum
1014 4719 1046 4779 in
1064 4737 1178 4800 campo
1196 4731 1305 4779 nostro
1330 4731 1390 4780 etc.
1415 4731 1446 4779 et
1462 4718 1545 4779 inter
1568 4733 1682 4780 terram

421 4822 549 4904 providi
574 4823 632 4884 viri
655 4825 811 4885 Anthonii
837 4824 998 4907 Soldynar
1023 4825 1099 4886 dicti
1123 4839 1154 4885 et
1177 4823 1310 4886 domine
1328 4823 1503 4886 Katherine
1528 4825 1684 4887 consortis

422 4948 478 4990 sue
502 4941 533 4990 et
557 4929 638 4990 inter
663 4945 778 4991 terram
803 4929 1000 5012 prelatorum
1025 4931 1187 4992 Valentini
1217 4943 1248 4993 et
1279 4931 1412 4993 domine
1436 4931 1592 4993 consortis
1628 4951 1683 4993 sue

423 5035 585 5098 mediante
611 5033 729 5100 fossato
762 5056 818 5100 seu
850 5036 940 5100 fluvii
972 5037 1118 5120 Zernyak
1151 5038 1287 5100 decursu
1320 5039 1359 5100 ab
1391 5039 1515 5101 oriente
1548 5053 1579 5102 et
1603 5039 1684 5103 inter
