3816 5802
792 557 878 616 Anno
901 571 994 638 1449.
1467 581 1524 641 ¹⁰3

259 767 441 848 existentes,
464 767 605 851 desuper
627 769 778 832 avertice
804 770 922 832 montis
939 769 1083 832 eiusdem
1109 786 1139 833 et
1164 769 1244 834 infra
1270 791 1370 854 usque
1388 771 1521 834 fluvium

260 874 515 962 Thoplycbycza
539 891 702 955 vocatum,
725 877 822 940 simul
847 897 919 939 cum
945 877 1036 938 terris
1053 877 1229 940 arabilibus
1254 877 1374 940 eisdem
1401 879 1526 942 duabus

258 981 361 1043 vineis
384 981 623 1064 subjacentibus
647 1002 682 1044 ac
705 983 853 1065 virgultis
890 983 967 1066 ipsis
1000 983 1101 1045 vineis
1133 984 1270 1066 desuper
1293 985 1526 1067 adjacentibus,

259 1109 292 1150 se
317 1087 535 1168 extendentes,
552 1107 625 1151 cum
651 1090 803 1151 omnibus
820 1109 929 1151 earum
955 1089 1146 1152 utilitatibus
1170 1104 1201 1151 et
1223 1091 1431 1173 pertinenciis
1454 1093 1523 1154 uni·

258 1196 357 1257 versis
381 1194 547 1258 Demetrio
572 1195 712 1277 agricole
737 1195 804 1258 filio
829 1196 944 1258 Briccii
970 1195 1010 1258 de
1039 1195 1206 1258 Kralewcz
1230 1216 1289 1280 pro
1315 1197 1428 1278 viginti
1446 1218 1523 1280 qua-

258 1315 330 1364 tuor
354 1300 423 1364 flor.
448 1303 528 1381 auri,
552 1302 670 1384 quibus
695 1301 801 1364 eidem
826 1302 992 1364 Demetrio
1020 1303 1163 1384 agricole
1196 1304 1263 1386 ipse
1289 1305 1453 1366 Barnabas
1477 1305 1523 1364 in·

257 1409 349 1470 stitor
373 1407 590 1490 obligabatur,
613 1421 688 1471 suut
718 1407 963 1491 privilegialiter
995 1421 1110 1471 statute
1142 1423 1298 1493 perpetuo
1331 1410 1523 1494 possidende

258 1516 311 1596 ita,
336 1515 425 1597 quod
450 1516 517 1598 ipse
543 1516 725 1578 Demetrius
749 1515 889 1597 agricola
921 1516 961 1578 de
990 1516 1133 1599 predicta
1166 1537 1230 1579 una
1253 1518 1348 1580 vinea
1372 1517 1522 1580 videlicet

257 1621 476 1684 condicionali
501 1624 533 1684 in
557 1623 720 1684 vicinitate
745 1622 867 1705 prefate
892 1623 986 1685 vinee
1014 1623 1158 1705 ipsorum
1183 1623 1360 1686 liberorum
1385 1624 1519 1707 predicti

259 1728 388 1790 Thorne
413 1728 507 1809 jurati
539 1729 609 1807 sita,
633 1747 686 1790 sex
723 1729 861 1791 cubulos
893 1729 959 1790 vini
992 1743 1136 1812 tempore
1169 1729 1357 1792 vindemiali
1383 1731 1522 1792 claustro

257 1835 357 1896 sancti
383 1833 508 1896 Nicolai
542 1833 735 1896 confessoris
765 1854 824 1918 pro
856 1835 963 1898 anima
996 1835 1139 1917 priorum
1174 1855 1394 1918 possessorum
1421 1837 1520 1920 ipsius

256 1941 350 2004 vinee
376 1941 452 2004 dare
475 1942 636 2005 tenebitur
661 1956 692 2005 et
717 1942 962 2021 amministrare,
987 1956 1017 2004 et
1039 1961 1136 2024 super
1164 1942 1286 2004 eisdem
1311 1956 1449 2025 quatuor
1473 1945 1519 2004 vi-

257 2048 326 2110 neis
351 2048 411 2131 ipsi
435 2048 600 2110 Demetrio
625 2048 765 2129 agricole
797 2063 844 2110 est
864 2047 954 2110 litera
980 2047 1192 2130 privilegialis
1216 2050 1275 2110 sub
1300 2048 1454 2131 pendenti
1479 2049 1520 2110 si-

256 2154 337 2236 gillo
363 2154 604 2216 communitatis
627 2167 784 2218 emanata.

363 2259 440 2323 item
468 2260 649 2344 Stephanus
673 2259 814 2324 carnifex
834 2260 920 2322 filius
937 2261 1047 2323 Mareu
1073 2261 1113 2325 de
1139 2261 1394 2324 Klokochewecz
1419 2282 1520 2345 quan·

256 2366 330 2429 dam
355 2381 478 2450 partem
504 2367 669 2430 cuiusdam
694 2381 857 2430 terrestre
882 2368 1013 2430 arabilis
1038 2369 1070 2429 in
1102 2369 1263 2430 territorio
1290 2369 1426 2431 civitatis
1449 2389 1520 2452 pre·

255 2474 341 2536 dicte
367 2475 449 2538 inter
472 2475 642 2556 antiquum
669 2487 809 2537 meatum
828 2495 885 2536 seu
906 2475 1077 2537 decursum
1095 2474 1185 2538 fluvii
1210 2475 1448 2538 Chernomercz
1464 2495 1520 2537 vo·

255 2582 326 2660 cati,
351 2583 392 2642 ab
417 2581 596 2661 occidente,
616 2581 831 2666 Matbycbyna
850 2595 1010 2661 vocatum,
1035 2597 1066 2642 et
1083 2582 1166 2644 inter
1183 2581 1263 2644 duas
1279 2583 1346 2644 vias
1363 2582 1519 2665 publicas,

257 2708 357 2750 unam
383 2707 399 2749 a
424 2687 605 2750 meridiotre
637 2702 668 2750 et
700 2688 796 2750 aliam
829 2708 846 2750 a
878 2688 1108 2770 septemtrione
1132 2689 1218 2768 sitas,
1249 2707 1285 2750 ac
1310 2689 1391 2750 inter
1422 2703 1520 2752 terras

254 2794 402 2856 similiter
426 2794 563 2856 arabiles
588 2794 764 2856 liberorum
789 2815 846 2857 seu
874 2813 1094 2857 successorum
1129 2795 1267 2857 condam
1293 2793 1448 2856 iohannis
1472 2795 1518 2878 ju·

254 2900 344 2979 dicis,
369 2903 409 2962 ab
434 2901 568 2979 oriente,
586 2901 748 2963 mediante
771 2901 928 2964 moderno
946 2915 1054 2963 meatu
1072 2921 1128 2964 seu
1145 2902 1281 2964 decursu
1298 2899 1412 2984 prelati
1430 2901 1519 2964 fluvii

254 3006 494 3069 Chernomercz
519 3007 621 3069 vocati
647 3007 717 3086 site,
751 3008 847 3070 simul
880 3027 951 3070 cum
985 3007 1127 3089 quodam
1160 3006 1249 3069 ienili
1281 3026 1380 3090 parvo
1412 3007 1517 3070 eidem

254 3128 336 3176 terre
372 3113 484 3175 arabili
517 3113 681 3194 adjacente
713 3113 820 3176 habite
852 3127 883 3177 et
914 3114 1094 3194 existentis,
1127 3127 1249 3196 partem
1282 3127 1317 3175 ut
1341 3113 1519 3195 predicitur

254 3219 418 3302 quandam
444 3220 543 3301 ipsius
566 3232 648 3282 terre
672 3221 713 3282 ab
749 3219 915 3286 occidente
939 3221 1031 3282 sitam
1062 3239 1163 3302 usque
1188 3220 1351 3302 quandam
1376 3221 1518 3301 signatu-

254 3343 321 3388 ram
347 3325 464 3408 lapidis
487 3345 546 3408 pro
572 3339 655 3388 meta
680 3326 877 3408 deputatam,
902 3327 1048 3408 quinque
1081 3345 1153 3387 curn
1179 3325 1285 3388 media
1310 3326 1411 3388 dietas
1434 3339 1517 3388 tetre

252 3432 285 3493 in
310 3452 344 3493 se
361 3433 591 3512 continentem,
615 3431 739 3516 prelato
758 3431 923 3494 Demetrio
946 3431 1014 3494 fillo
1032 3433 1131 3515 ipsius
1156 3431 1269 3494 Briccii
1287 3432 1326 3493 de
1352 3432 1517 3495 Kralewcz

253 3537 397 3620 predicta
421 3558 480 3620 pro
505 3537 647 3620 quadam
671 3553 752 3601 terra
777 3558 832 3600 sua
865 3539 977 3601 arabili
1003 3538 1150 3600 similiter
1183 3539 1214 3600 in
1241 3557 1355 3620 campo
1379 3537 1517 3600 civitatis
1593 3531 1595 3536 ¹

253 3646 396 3728 predicte
421 3645 539 3726 habita,
565 3647 597 3708 in
622 3646 783 3708 vicinitate
808 3660 963 3708 terrarum
989 3645 1142 3708 colenditi
1172 3643 1441 3708 confraternitatis
1465 3666 1516 3707 su·

252 3766 358 3814 torum
385 3751 504 3831 habita,
529 3772 586 3834 per
610 3752 743 3813 modum
768 3751 1019 3834 permutacionis
1052 3765 1083 3814 et
1107 3750 1288 3814 concambii
1322 3751 1411 3813 dedit
1447 3771 1515 3834 per-

251 3872 349 3939 petuo
368 3858 597 3941 possidendam
614 3873 644 3920 et
661 3858 833 3941 superinde
858 3857 962 3920 eidem
989 3857 1153 3920 Demetrio
1178 3871 1225 3920 est
1241 3858 1331 3918 litera
1363 3858 1422 3919 sub
1439 3878 1515 3940 pen·

250 3963 340 4025 denti
367 3963 475 4046 sigillo
499 3964 740 4027 communitatis
764 3977 922 4026 emanata.

358 4068 435 4131 ltem
463 4069 609 4153 Mathyas
632 4071 773 4152 agricola
798 4069 883 4132 filius
908 4069 1041 4150 Georgii
1060 4069 1100 4131 de
1124 4069 1201 4130 villa
1226 4070 1367 4152 episcopi
1392 4070 1515 4132 Novak

248 4176 346 4255 dicta,
372 4177 535 4258 quandam
562 4177 695 4239 domum
720 4197 811 4238 suam
829 4191 893 4238 tam
920 4191 1078 4238 muratam
1095 4196 1192 4258 quem
1218 4176 1359 4256 ligneam
1384 4177 1416 4236 in
1433 4177 1516 4239 dicta

247 4283 377 4345 civitate
402 4284 485 4346 inter
509 4284 644 4346 domum
670 4284 811 4364 ligneam
835 4283 1011 4345 liberorum
1047 4282 1183 4345 condam
1211 4283 1309 4343 Blasii
1335 4280 1516 4367 llycbky,a

248 4389 441 4468 meridione,
467 4403 498 4452 et
523 4390 604 4452 inter
630 4390 763 4451 domum
789 4390 936 4451 similiter
966 4404 1124 4451 muratam
1156 4403 1186 4450 et
1222 4387 1358 4450 fundum
1385 4389 1514 4450 Martini

246 4495 363 4576 judicis
388 4493 447 4557 filii
472 4496 613 4575 Tbome,
638 4498 677 4558 ab
702 4497 853 4559 anteriori
879 4515 935 4557 seu
964 4495 1112 4558 orientali
1144 4509 1244 4577 parte,
1269 4514 1305 4556 ac
1330 4495 1411 4556 inter
1435 4494 1514 4556 duas

249 4603 317 4663 vias
339 4621 398 4664 seu
421 4602 545 4686 plateas
569 4622 768 4682 communes,
793 4622 889 4664 unam
909 4603 948 4664 ab
973 4602 1141 4664 occidente
1158 4616 1189 4662 et
1213 4601 1310 4662 aliam
1335 4621 1352 4662 a
1376 4615 1514 4684 septem·

248 4709 355 4771 trione
392 4710 467 4772 sitas
491 4709 632 4771 habitam
658 4722 689 4771 et
721 4710 920 4790 existentem,
954 4729 1051 4771 unam
1083 4708 1235 4770 videlicet
1258 4723 1404 4789 quartam
1429 4709 1516 4770 curie

249 4833 284 4876 ac
309 4833 408 4876 unam
435 4827 580 4877 octavam
606 4817 693 4877 curie
718 4816 749 4877 in
775 4835 808 4877 se
833 4817 1064 4896 continentem,
1093 4815 1194 4876 Paulo
1217 4813 1285 4876 filio
1310 4814 1407 4876 Blasii
1433 4815 1515 4876 Batt-

248 4919 344 4982 schalt
372 4921 459 4999 dicti,
484 4935 519 4983 ut
542 4940 629 4983 novo
653 4923 780 4984 concivi
806 4937 928 5002 nostro,
955 4943 1014 5005 pro
1046 4921 1218 4984 duodecim
1251 4919 1320 4982 flor.
1346 4921 1414 4982 auri
1439 4940 1514 4982 ven·

248 5026 329 5088 didit
345 5041 502 5110 perpetuo
519 5027 747 5110 possidendam
773 5043 803 5091 et
827 5029 999 5110 superinde
1023 5043 1070 5090 est
1094 5028 1183 5089 litera
1208 5029 1267 5089 sub
1292 5027 1446 5112 pendenti
1471 5029 1512 5090 si·

248 5133 327 5215 gillo
350 5134 591 5198 communitatis
614 5151 776 5199 emanata.
