3840 5810
252 809 379 870 cionem
404 809 546 890 predicte
570 806 695 888 Agathe
713 807 857 868 mulieris
874 805 998 888 prelato
1018 805 1182 867 Demetrio
1200 806 1341 886 agricole
1359 819 1406 866 est
1423 805 1519 887 privi-

253 915 410 996 legialiter
433 917 491 976 sub
516 914 669 997 pendenti
693 913 802 996 sigillo
826 911 1067 975 communitatis
1090 925 1208 974 statuta
1233 925 1390 994 perpetuo
1415 911 1518 993 possi-

252 1019 366 1083 denda.
792 1017 795 1026 ’

357 1127 435 1189 ltem
460 1127 600 1208 quedam
625 1127 705 1188 silva
730 1127 762 1188 in
797 1127 960 1188 territorio
994 1127 1131 1189 civitatis
1154 1125 1308 1208 predicte,
1339 1126 1398 1186 sub
1423 1125 1518 1187 metis

253 1234 283 1294 in
310 1234 400 1294 litera
423 1234 616 1316 privilegiali
642 1233 814 1316 superinde
838 1231 992 1296 contectis
1027 1233 1145 1310 habita,
1171 1252 1232 1313 que
1258 1232 1396 1293 condam
1414 1231 1511 1292 Blasii

253 1340 390 1422 Segrycz
415 1355 445 1401 et
468 1341 598 1402 tandem
625 1341 754 1402 Thome
772 1339 931 1422 Oczwyrlr
948 1337 1119 1422 prefuerat,
1141 1358 1196 1420 per
1214 1337 1413 1420 legacionem
1432 1337 1514 1398 eius-

252 1449 325 1510 dem
351 1449 479 1512 Thome
504 1448 653 1512 Oczwirk
678 1449 782 1510 ultimi
806 1449 997 1532 possessoris
1022 1449 1120 1529 ipsius
1144 1447 1234 1524 silve,
1260 1445 1367 1507 Blasio
1391 1445 1516 1506 decano

252 1554 319 1616 lilio
351 1555 504 1638 Stephani
541 1554 643 1638 jurato
684 1555 808 1616 concivi
849 1569 957 1616 nostro
993 1567 1040 1616 est
1074 1551 1316 1635 privilegialiter
1347 1552 1406 1613 sub
1440 1570 1516 1632 pen-

252 1661 338 1722 denti
362 1661 469 1742 sigillo
487 1662 726 1724 communitatis
749 1675 864 1724 statuta
882 1674 1038 1743 perpetuo
1058 1659 1263 1742 possidenda.

361 1767 439 1829 ltem
465 1767 620 1830 medietas
645 1767 811 1831 cuiusdam
836 1783 919 1830 terre
944 1767 1073 1829 arabilis
1090 1767 1121 1828 in
1147 1784 1262 1847 campo
1287 1765 1423 1826 civitatis
1447 1783 1515 1846 pre·

253 1874 336 1936 dicte
371 1895 472 1958 prope
496 1890 527 1936 et
550 1889 635 1938 retro
659 1889 804 1938 montem
839 1876 1024 1955 vigiliarum
1048 1875 1131 1936 inter
1153 1886 1252 1936 terras
1276 1871 1440 1934 Valentini
1465 1871 1512 1953 ju·

252 1980 309 2041 rati
334 2001 369 2042 ac
394 1981 527 2042 ecclesie
559 1997 666 2044 nostre
695 1981 888 2064 parochialis
920 1982 1003 2042 beati
1030 1981 1128 2043 Marci
1154 1979 1360 2060 ewangeliste
1394 1976 1513 2056 habite,

252 2087 358 2148 Blasio
371 2086 468 2168 judici
486 2086 552 2149 filio
566 2089 656 2150 Pauli
674 2089 770 2150 aliam
789 2089 994 2150 medietatem
1009 2088 1153 2151 eiusdem
1167 2101 1249 2149 terre
1263 2085 1392 2148 arabilis
1408 2085 1513 2146 litera·

252 2194 331 2255 toric
357 2195 544 2276 possidenti,
569 2215 624 2277 per
649 2195 816 2256 dominam
841 2194 1000 2276 Agatham
1029 2213 1160 2256 uxorem
1187 2193 1351 2256 Benedicti
1379 2191 1515 2274 Gywani

253 2316 298 2364 est
322 2301 451 2364 vendita
484 2315 639 2385 perpetuo
671 2301 866 2384 possidenda
890 2316 921 2362 et
952 2302 1124 2384 superinde
1157 2314 1203 2363 est
1236 2301 1327 2363 litera
1352 2301 1411 2362 sub
1437 2318 1513 2382 pen-

254 2408 340 2468 denti
364 2408 472 2489 sigillo
497 2408 737 2470 communitatis
761 2423 919 2470 emanata.

279 2627 357 2698 ltem
387 2617 471 2720 (die)
501 2627 666 2700 dominico
695 2605 848 2716 proximo
876 2636 954 2717 post
981 2628 1102 2700 testum
1128 2627 1360 2700 Conversionis
1390 2629 1478 2698 beati

744 2753 841 2823 Pauli
871 2754 1025 2842 apostoli.

761 2910 824 2983 (27.
840 2907 1007 2982 μαντική).

359 3044 437 3106 ltem
461 3045 601 3127 quedam
627 3060 709 3108 terra
736 3046 866 3107 arabilis
892 3046 922 3107 in
956 3065 1072 3128 campo
1096 3045 1233 3108 civitatis
1264 3047 1405 3128 predicte
1432 3047 1513 3108 inter

251 3164 363 3212 terram
391 3151 545 3213 Demetrii
571 3167 602 3214 et
627 3152 783 3214 lobannis
810 3151 952 3214 filiorum
985 3153 1098 3214 Briccii
1132 3153 1172 3214 de
1199 3153 1374 3232 Kralewcz,
1399 3173 1416 3214 a
1441 3173 1510 3234 sep·

251 3259 430 3338 temtrione,
455 3272 486 3320 et
518 3259 600 3320 inter
632 3274 748 3320 terram
782 3259 944 3320 colendini
982 3257 1250 3324 confraternitatis
1281 3273 1438 3338 sutorum,
1473 3261 1512 3320 ab

252 3366 382 3444 oriente,
407 3385 464 3428 nec
490 3385 554 3427 non
580 3386 678 3448 penes
703 3380 733 3426 et
757 3366 842 3448 juxta
876 3365 1010 3427 fluvium
1037 3367 1276 3448 Kalynowycza
1310 3380 1511 3443 vocatum,a

252 3471 440 3551 meridione,
473 3492 508 3534 ac
540 3491 631 3534 secus
663 3473 748 3534 viam
780 3491 986 3534 communem
1020 3474 1059 3533 ab
1091 3471 1258 3534 occidente
1290 3471 1408 3549 habita,
1434 3471 1513 3532 duas

252 3578 302 3638 vel
327 3579 403 3640 citra
429 3578 530 3639 dietas
553 3593 635 3640 terre
653 3579 684 3639 in
704 3599 735 3638 se
761 3579 939 3656 continens,
957 3577 1123 3639 Anthonio
1149 3576 1287 3639 carnifici
1312 3575 1380 3638 filio
1398 3576 1510 3638 Briccii

252 3682 407 3746 loffanow
428 3705 484 3766 per
501 3685 702 3765 legacionem
732 3685 894 3746 verbalem
911 3686 1180 3746 testamentariam
1199 3684 1337 3746 condam
1356 3683 1511 3765 Stephani

251 3787 305 3849 filii
341 3789 519 3852 Clementis
552 3789 727 3873 Prawdych
767 3806 813 3853 est
844 3793 903 3852 sub
947 3791 1099 3872 pendenti
1131 3791 1238 3872 sigillo
1274 3791 1513 3852 communitatis

251 3895 491 3978 privilegialiter
519 3895 718 3961 confirmata.

357 4003 434 4064 ltem
460 4003 599 4086 quedam
636 4004 729 4066 vinea
764 4004 900 4066 condam
934 4004 1088 4065 lohannis
1112 4023 1169 4064 seu
1201 4003 1283 4064 lwan
1318 4004 1421 4065 vocati
1455 4002 1511 4064 filii

252 4110 416 4172 Michaelis
452 4111 484 4171 in
509 4111 669 4173 territorio
694 4112 831 4173 civitatis
855 4111 996 4193 predicte
1023 4111 1105 4172 inter
1129 4111 1254 4171 vineam
1281 4125 1311 4172 et
1336 4111 1511 4191 virgultum

252 4216 336 4277 Luce
361 4215 442 4278 labri
467 4215 525 4279 filii
549 4218 687 4279 condam
714 4217 846 4299 Georgii
880 4217 972 4296 labri,
1001 4237 1038 4278 ex
1063 4237 1126 4278 una
1159 4231 1257 4298 parte,
1282 4237 1319 4278 ex
1344 4217 1406 4278 alia
1432 4235 1511 4277 vero

251 4337 336 4403 parte
361 4323 525 4386 Valentini
550 4324 642 4405 jurati
663 4323 717 4385 filii
744 4324 910 4386 Michaelis
928 4323 1092 4406 Saronych
1118 4323 1236 4402 habita,
1260 4323 1397 4405 desuper
1422 4323 1506 4384 avia

251 4431 414 4491 communi
439 4443 469 4491 et
493 4428 575 4490 infra
599 4449 700 4512 usque
719 4431 870 4508 rivulum,
894 4431 990 4491 simul
1023 4450 1095 4491 cum
1120 4430 1260 4510 virgulto
1286 4429 1390 4490 eidem
1417 4429 1511 4490 vinee

252 4535 424 4615 subjacenti
449 4555 482 4596 se
507 4535 691 4615 extendens,
717 4536 855 4598 lohanni
880 4535 947 4599 filio
966 4537 1133 4598 Jacomelli
1159 4557 1196 4596 er
1221 4535 1386 4615 legacione
1413 4536 1512 4616 ipsius

253 4641 404 4703 iohannis
428 4661 484 4703 seu
509 4642 593 4704 lwan
619 4657 666 4704 est
689 4645 748 4704 sub
765 4643 920 4724 pendenti
937 4644 1045 4724 sigillo
1063 4642 1303 4704 communitatis
1329 4642 1513 4723 privilegia-

253 4747 320 4809 liter
343 4747 530 4811 confirmata
554 4763 710 4832 perpetuo
736 4749 939 4832 possidenda.

355 4855 433 4917 ltem
458 4855 591 4937 quidam
615 4856 750 4938 (h)ortus
766 4858 862 4918 unius
886 4870 997 4938 quarte
1013 4856 1110 4935 curie,
1127 4855 1265 4916 condam
1284 4854 1407 4915 domini
1426 4852 1512 4915 Con-

256 4963 379 5022 stantini
411 4963 553 5045 episcopi
585 4963 723 5024 rosensis
758 4977 789 5024 et
827 4963 1018 5044 suffraganei
1051 4963 1254 5043 episcopatus
1294 4961 1427 5022 ecclesie
1462 4982 1512 5022 za-

257 5069 436 5148 grabiensis,
461 5071 491 5130 in
524 5071 684 5131 territorio
717 5071 852 5131 civitatis
886 5071 1027 5152 predicte
1062 5070 1142 5129 inter
1174 5069 1309 5150 (h)ortos
1334 5068 1512 5189 liberprum
