3816 5802
365 775 443 838 Item
468 774 646 860 Elyzabeth
670 775 779 836 relicta
805 773 936 854 Georgii
962 771 1103 834 Puchicb
1128 771 1333 834 medietatem
1359 771 1526 834 cuiusdam

261 885 354 946 vinee
379 882 411 944 in
428 881 590 944 territorio
608 880 744 942 civitatis
761 880 843 941 inter
860 879 969 940 vineas
987 879 1164 940 liberorum
1183 879 1311 940 Martini
1329 879 1527 940 Kusmanow

260 1004 292 1052 et
316 987 473 1050 Anthonii
498 987 772 1072 lanchechewycb
789 985 908 1066 habite,
925 1004 998 1048 cum
1017 985 1191 1047 medietate
1215 985 1344 1065 virgulti
1368 985 1428 1046 sibi
1452 987 1526 1046 sub·

259 1094 404 1177 jacentis,
428 1113 501 1157 cum
534 1094 600 1156 suis
631 1094 838 1176 pertinenciis
874 1091 1005 1176 Mathye
1050 1111 1169 1175 genero
1201 1110 1261 1153 suo
1291 1091 1437 1154 vendidit
1467 1111 1526 1174 pro

260 1215 384 1285 septem
408 1201 477 1265 flor.
503 1202 571 1263 auri
596 1215 751 1284 perpetuo
780 1199 1027 1283 possidendam
1058 1212 1089 1261 et
1112 1199 1174 1261 alia
1199 1198 1355 1260 medietas
1379 1198 1523 1261 eiusdem

260 1309 365 1388 vinee,
389 1308 501 1390 porcio
525 1307 675 1370 videlicet
699 1309 832 1390 Agnetis
849 1307 1005 1370 consortis
1023 1304 1166 1372 eiusdem
1193 1306 1322 1388 Mathye
1346 1305 1440 1387 jurati
1465 1304 1522 1368 filii

261 1414 430 1498 Stephani,
451 1434 547 1498 super
571 1415 711 1478 eundem
736 1414 876 1496 juratum
895 1412 1059 1497 Mathyatn
1084 1425 1132 1475 est
1155 1411 1223 1494 jure
1252 1410 1446 1475 hereditario
1470 1413 1525 1474 de·

257 1521 379 1601 voluta,
404 1535 434 1584 et
457 1521 501 1583 sic
525 1535 592 1585 tota
617 1522 684 1604 ipsa
710 1523 803 1584 vinea
828 1541 902 1584 cum
934 1520 1074 1602 virgulto
1103 1519 1164 1581 sibi
1196 1519 1373 1600 subjacenti
1398 1531 1429 1580 et
1454 1519 1525 1580 aliis

258 1629 382 1690 cunctis
405 1627 471 1690 suis
495 1627 687 1690 utilitatibus
712 1627 818 1690 eidem
845 1625 965 1689 Mathie
989 1625 1094 1708 jurato
1123 1625 1264 1688 totaliter
1288 1626 1347 1688 sub
1371 1624 1525 1707 pendenti

259 1733 368 1816 sigillo
391 1734 633 1797 communitatis
657 1747 704 1796 est
728 1733 916 1796 confirmata
939 1747 1096 1816 perpetuo
1121 1732 1326 1816 possidenda.

371 1839 447 1902 Item
473 1839 613 1921 quedam
641 1840 733 1902 vinea
758 1841 791 1902 in
814 1841 975 1903 territorio
999 1839 1136 1902 civitatis
1152 1839 1294 1922 predicte
1318 1839 1400 1901 inter
1416 1839 1525 1900 vineas

259 1945 424 2010 Valentini
449 1945 568 2025 claudi,
592 1967 610 2008 a
634 1945 825 2026 meridioue,
850 1959 881 2009 et
905 1946 1081 2009 liberorum
1100 1945 1238 2008 condam
1263 1945 1360 2007 Blasii
1384 1944 1525 2027 agricole

258 2054 377 2132 habita,
401 2053 539 2136 desuper
562 2073 579 2115 a
603 2053 654 2115 via
679 2054 844 2116 communi
869 2067 900 2116 et
924 2051 1006 2115 infra
1028 2072 1130 2135 usque
1154 2053 1307 2130 rivulum,
1330 2051 1427 2115 simul
1451 2070 1524 2112 cum

258 2160 398 2242 virgulto
421 2160 482 2222 sibi
507 2158 685 2242 subjacenti
709 2181 742 2222 se
767 2160 953 2238 extendens,
978 2160 1073 2222 Petro
1100 2159 1204 2242 jurato
1228 2157 1297 2221 filio
1323 2157 1453 2220 Thome
1477 2171 1524 2220 est

258 2277 373 2328 statuta
397 2265 572 2329 literatorie
596 2266 791 2348 possidenda
814 2268 874 2330 sub
898 2267 1006 2349 sigillo
1032 2266 1282 2329 communitatis.

365 2371 443 2434 Item
468 2373 658 2434 Valentinus
687 2372 808 2454 juratus
843 2372 928 2436 filius
961 2373 1044 2453 lwk‚
1077 2372 1240 2456 quandam
1273 2373 1408 2435 domum
1432 2391 1523 2434 suam

258 2491 415 2540 muratam
441 2477 537 2540 simul
562 2498 635 2540 curn
654 2477 756 2541 fundo
774 2493 805 2542 et
822 2478 978 2542 hedificiis
994 2481 1025 2541 in
1043 2479 1128 2541 dicta
1145 2480 1272 2542 civitate
1289 2480 1371 2541 inter
1386 2478 1522 2541 domum

258 2585 421 2647 Valentini
446 2585 532 2648 Rulli
557 2597 588 2648 et
613 2587 695 2649 inter
719 2587 786 2649 vias
809 2607 865 2650 eeu
890 2589 1010 2670 plateas
1034 2607 1224 2650 communes
1247 2586 1399 2665 habitam,
1424 2605 1521 2648 unam

259 2697 332 2754 cuin
355 2690 462 2753 media
487 2693 608 2754 curiam
633 2693 674 2754 ad
698 2712 791 2754 usum
816 2693 900 2755 dicte
929 2693 1065 2755 civitatis
1088 2693 1120 2754 in
1146 2713 1179 2756 se
1206 2691 1436 2771 continentem,
1452 2710 1522 2773 pre·

260 2798 347 2860 dicto
373 2798 467 2860 Petro
491 2797 596 2880 jurato
626 2797 693 2860 filio
725 2799 825 2882 ipsius
856 2799 986 2862 Thome
1018 2819 1075 2884 pro
1112 2798 1251 2882 quadam
1283 2797 1383 2860 domo
1406 2817 1462 2860 sua
1486 2817 1522 2860 ac

259 2923 317 2986 pro
342 2903 566 2967 additamento
583 2905 698 2986 viginti
716 2904 786 2968 flor.
803 2906 872 2968 auri
890 2907 1036 2968 vendidit
1052 2921 1083 2969 et
1099 2906 1236 2970 contulit
1250 2919 1406 2989 perpetuo
1422 2905 1522 2988 possi·

259 3009 398 3072 dendam
424 3025 455 3072 et
478 3010 651 3094 superinde
676 3023 723 3074 est
746 3012 837 3074 litera
872 3014 931 3074 sub
963 3013 1117 3096 pendenti
1150 3012 1258 3094 sigillo
1282 3011 1523 3075 communitatis

259 3131 416 3181 emanata.

366 3223 443 3286 ltem
468 3224 624 3288 medietas
647 3225 813 3288 cuiusdam
838 3225 954 3288 domus
978 3239 1102 3290 mutate
1125 3239 1157 3289 et
1180 3224 1270 3288 fundi
1296 3246 1332 3288 ac
1357 3223 1521 3290 hedificio·

264 3348 335 3391 rum
360 3329 393 3390 in
418 3329 502 3392 dicta
527 3331 653 3394 civitate
677 3331 759 3394 inter
790 3331 905 3394 domos
935 3345 1076 3396 muratas
1108 3346 1138 3395 et
1169 3331 1287 3395 fundos
1310 3329 1439 3394 Andree
1463 3329 1521 3394 filii
1576 3371 1578 3374 -

260 3435 412 3521 Symonis
437 3437 475 3498 de
500 3436 644 3517 Rabocb,
669 3438 908 3502 ameridionali
932 3454 1032 3522 parte,
1049 3452 1079 3502 et
1095 3439 1177 3501 inter
1194 3438 1290 3500 aliam
1314 3437 1520 3500 medietatem

259 3541 404 3605 eiusdem
429 3543 547 3606 domus
571 3557 695 3606 mutate
720 3559 750 3607 et
781 3543 874 3607 fundi
898 3566 934 3609 ac
966 3545 1191 3608 hedificiorum
1214 3545 1296 3607 inter
1327 3545 1423 3607 aliam
1447 3563 1520 3628 por-

257 3649 384 3710 cionem
410 3648 494 3710 lwan
519 3649 559 3712 de
583 3649 655 3712 vico
681 3651 869 3712 Latinorum
887 3649 1005 3731 habita,
1030 3671 1129 3714 unam
1146 3663 1293 3733 quartam
1317 3651 1405 3714 curie
1428 3651 1461 3713 in
1487 3673 1520 3714 se

257 3755 437 3834 continens,
462 3755 663 3836 Margarethe
688 3757 796 3818 relicte
830 3757 968 3820 condam
1001 3757 1131 3840 Mathye
1157 3757 1264 3839 Supan
1291 3770 1338 3819 est
1361 3759 1419 3820 sub
1444 3777 1521 3841 pen·

257 3862 346 3924 denti
370 3862 479 3943 sigillo
503 3864 744 3926 communitatis
768 3864 1010 3946 privilegialiter
1038 3863 1224 3926 confirmata
1248 3877 1404 3947 perpetuo
1420 3865 1521 3948 possi·

257 3969 374 4032 denda.

364 4074 442 4137 ltem
467 4076 668 4158 Augustinus
693 4077 813 4156 Kusne‚
838 4076 975 4159 pridem,
999 4091 1030 4139 et
1051 4077 1254 4157 Benedictus,
1271 4075 1456 4157 modernus,
1473 4077 1520 4160 ju-

258 4181 328 4259 rati,
353 4182 565 4244 commissarii
591 4197 620 4244 et
645 4195 831 4246 executores
855 4184 1037 4246 testamenti
1054 4182 1193 4246 condam
1217 4183 1372 4244 lobannis
1397 4182 1453 4244 lilii
1471 4183 1521 4245 Ja-

257 4287 387 4350 contelli
413 4288 531 4367 Latini,
556 4289 719 4370 quandam
745 4291 872 4351 vineam
902 4290 1016 4372 prelati
1034 4289 1172 4352 condam
1196 4288 1351 4350 Johannis
1376 4289 1408 4351 in
1432 4291 1520 4352 terri-

257 4395 340 4457 torio
366 4395 502 4458 civitatis
525 4397 669 4478 predicte
693 4397 778 4478 juxta
803 4397 916 4458 silvanr
941 4397 1104 4459 Valentini
1125 4395 1239 4478 judicis
1261 4394 1318 4457 filii
1343 4395 1521 4476 Michaelis,

257 4521 295 4562 ex
322 4521 385 4562 una
408 4516 508 4584 parte,
533 4523 570 4564 ex
595 4503 693 4564 altera
717 4522 793 4565 vero
818 4517 906 4586 parte
932 4503 1015 4565 inter
1038 4504 1166 4564 vineam
1191 4513 1221 4564 et
1244 4501 1418 4583 virgultum
1442 4502 1521 4564 libe·

259 4627 369 4670 rorum
394 4609 531 4672 condam
558 4610 644 4672 Luce
662 4607 743 4672 labri
768 4609 921 4690 habitam,
939 4611 1077 4693 desuper
1093 4630 1110 4672 a
1127 4611 1178 4672 via
1203 4609 1366 4671 communi
1393 4623 1424 4671 et
1440 4608 1521 4671 infra

259 4735 361 4798 usque
385 4717 538 4798 rivulum,
562 4717 659 4780 simul
684 4735 758 4778 cunt
783 4717 924 4798 virgulto
948 4719 1008 4779 sibi
1025 4717 1203 4798 subjacenti
1226 4736 1259 4778 se
1286 4717 1522 4796 extendentem,

260 4822 405 4885 Bernaba
428 4821 497 4885 filio
521 4825 632 4886 Petow
655 4843 714 4907 pro
737 4823 965 4906 septemdecim
994 4824 1064 4886 flor.
1081 4821 1227 4885 vendidit
1242 4835 1398 4906 perpetuo
1422 4823 1522 4904 possi·

259 4929 398 4992 dendam
422 4944 452 4997 et
476 4931 648 5014 superinde
674 4943 720 4993 est
745 4930 837 4993 litera
868 4931 927 4992 sub
951 4931 1104 5014 pendenti
1137 4929 1243 5013 sigillo
1278 4929 1518 4992 communitatis

260 5049 416 5099 emanata.
