3840 5810
796 518 996 595 Ann01442.

266 694 476 814 eos‘ipsorum
493 729 665 793 heredibus
677 743 723 794 est
733 731 793 791 sub
803 729 954 814 pendenti
972 729 1080 812 sigillo
1097 731 1337 792 communitatis
1349 729 1529 812 privilegia·

266 841 338 902 liter
362 837 550 902 confirmata
575 853 731 922 perpetuo
747 837 960 920 possidenda;
985 838 1047 900 alia
1072 851 1182 901 autem
1206 838 1361 900 medietas
1385 837 1528 900 eiusdem

267 946 384 1026 senilis,
408 966 446 1008 ex
467 945 633 1026 legacione
666 945 814 1008 similiter
844 945 1083 1008 testamentaria
1116 943 1229 1028 prelati
1264 943 1411 1028 Gregorii
1436 945 1530 1028 jurati

270 1053 328 1116 filii
354 1054 453 1137 ipsius
476 1051 653 1129 Benedicti,
679 1052 812 1134 provide
837 1052 971 1116 domine
995 1053 1169 1114 Scolaatice
1187 1053 1278 1115 aliter
1295 1054 1395 1114 Ztana
1420 1065 1531 1114 vocate

268 1160 375 1222 relicte
407 1159 506 1243 ipsius
538 1158 686 1240 Gregorii
719 1159 812 1242 jurati
846 1178 929 1221 nunc
961 1159 1101 1220 consorti
1128 1159 1285 1240 legittime
1317 1157 1446 1221 Andree
1473 1160 1531 1220 La·

268 1267 324 1328 tini
348 1266 442 1348 jurati
466 1267 567 1327 nostri
592 1265 739 1328 moderni
766 1279 811 1326 est
836 1265 938 1327 eciam
957 1267 1016 1327 sub
1041 1264 1194 1348 pendenti
1219 1265 1327 1347 sigillo
1351 1265 1530 1328 communi·

267 1373 338 1436 tatis
358 1373 601 1456 privilegialiter
625 1371 813 1435 confirmata
837 1386 994 1456 perpetuo
1019 1373 1223 1456 possidenda.

372 1498 450 1561 ltem
475 1499 686 1560 commissarii
712 1512 743 1560 et
767 1511 953 1561 executores
976 1499 1082 1560 ultimi
1103 1499 1285 1561 testamenti
1309 1499 1446 1561 condam
1472 1499 1530 1561 Vr·

268 1605 336 1667 sule
363 1605 507 1667 mulieris
531 1605 639 1667 relicte
656 1605 796 1667 condam
821 1605 976 1688 Stephani
993 1605 1087 1685 jurati
1105 1605 1300 1687 Stephanich
1326 1606 1413 1686 dicti,
1430 1626 1530 1688 quan·

268 1713 341 1774 dam
358 1714 487 1776 vineam
504 1713 603 1795 ipsius
620 1712 758 1774 condam
776 1711 891 1774 Vrsule
915 1713 1061 1774 mulieris
1085 1713 1116 1774 in
1134 1713 1295 1774 territorio
1320 1727 1430 1774 nostro
1448 1713 1529 1774 inter

268 1821 376 1882 vineas
399 1820 575 1881 liberorum
601 1818 739 1881 condam
773 1819 864 1881 Pauli
898 1817 955 1880 filii
986 1818 1115 1902 Endrey
1147 1817 1187 1881 de
1212 1819 1327 1898 Turre,
1353 1839 1368 1880 a
1394 1833 1530 1902 septem·

267 1927 381 2006 trione,
405 1947 422 1987 a
448 1926 628 1988 meridione
652 1945 728 1988 vero
747 1924 881 2006 Georgii
903 1924 982 1987 labri
1001 1924 1154 2004 habitam,
1179 1927 1317 2008 desuper
1341 1927 1425 1988 avia
1444 1947 1530 1988 com-

269 2033 357 2094 muni
383 2031 464 2094 infra
490 2052 591 2114 usque
616 2033 769 2109 rivulum,
794 2051 865 2094 cum
898 2033 1037 2114 virgulto
1069 2033 1128 2094 sibi
1154 2033 1330 2113 subjacenti
1366 2054 1398 2095 se
1424 2049 1529 2096 exten·

268 2140 409 2219 dentem,
433 2139 563 2222 Mathye
580 2139 666 2202 dicto
692 2139 811 2201 Farkas
827 2138 895 2201 filio
914 2139 1032 2220 Egidii,
1050 2141 1175 2202 concivi
1193 2155 1313 2218 nostro,
1331 2161 1388 2223 pro
1405 2155 1529 2224 septua-

267 2247 356 2328 ginta
380 2245 451 2308 flor.
475 2245 543 2308 auri
567 2245 782 2308 vendiderunt
799 2259 955 2327 perpetuo
979 2246 1209 2327 possidendam
1242 2261 1273 2308 et
1296 2247 1467 2329 superinde
1485 2261 1532 2308 est

269 2352 357 2414 litera
381 2353 441 2413 sub
466 2351 619 2435 pendenti
643 2351 751 2432 sigillo
776 2351 1017 2414 communitatis
1041 2353 1283 2434 privilegialiter
1307 2366 1464 2416 emanata.

372 2475 450 2537 ltem
475 2474 589 2537 Vrsula
614 2476 698 2538 dicta
716 2477 801 2538 Rosa
827 2477 935 2538 relicta
954 2477 1092 2539 Emerici
1122 2479 1261 2556 sartoris,
1292 2497 1376 2540 nunc
1401 2497 1532 2540 consors

269 2583 425 2664 legittima
448 2581 612 2644 Valentini
637 2583 795 2644 tributarii
819 2581 877 2644 filii
902 2582 1069 2663 Johannis,
1094 2585 1256 2666 quandam
1282 2585 1417 2646 domum
1440 2604 1530 2646 suam

269 2709 341 2750 cum
364 2687 467 2750 fundo
493 2703 524 2751 et
547 2688 704 2750 hedificiis
728 2689 862 2752 indicta
887 2691 1015 2753 civitate
1040 2689 1121 2752 inter
1137 2690 1253 2752 domos
1277 2704 1307 2752 et
1324 2689 1442 2752 fundos
1459 2691 1531 2752 Bal-

269 2795 400 2856 thasaris
417 2809 448 2857 et
466 2796 565 2858 Elene
590 2796 709 2857 sororis
725 2815 792 2874 sue,
816 2815 852 2858 ac
870 2797 1025 2858 Johannis
1052 2798 1181 2858 sartoris
1198 2812 1229 2859 et
1252 2797 1428 2858 liberorum
1457 2798 1530 2860 Far-

270 2902 345 2963 ltasii
371 2902 518 2964 canonici
543 2901 698 2982 habitam,
722 2903 863 2964 mediam
881 2903 1002 2965 curiam
1026 2904 1057 2965 iu
1082 2924 1115 2966 se
1133 2905 1363 2982 continentem,
1387 2905 1531 2987 predicto

270 3008 441 3070 Valentino
465 3009 580 3070 marito
604 3029 663 3070 suo
688 3009 821 3071 donavit
852 3023 1008 3092 perpetuo
1041 3010 1268 3092 possidendam
1304 3025 1334 3073 et
1359 3011 1531 3094 superinde

270 3128 315 3176 est
337 3115 428 3177 litera
454 3117 513 3177 sub
538 3115 691 3198 pendenti
715 3115 823 3197 sigillo
847 3117 1088 3179 communitatis
1106 3117 1350 3200 privilegialiter
1373 3131 1530 3179 emanata.

373 3237 452 3301 ltem
476 3245 586 3320 Agnes
610 3241 719 3302 relicta
744 3240 880 3302 condam
908 3241 1070 3303 Dominici
1100 3243 1176 3306 dicti
1203 3243 1301 3306 Hrezr
1326 3243 1530 3305 medietatem

270 3346 435 3407 cuiusdam
461 3346 587 3426 domus,
613 3345 715 3426 fundi,
740 3347 928 3429 cellariique
962 3349 1161 3411 subterranei
1195 3363 1225 3412 et
1249 3349 1473 3412 hedificiorum
1499 3349 1530 3410 in

271 3453 339 3514 vico
365 3453 464 3534 ipsius
488 3453 625 3516 civitatis
649 3455 798 3516 exteriori
823 3475 879 3517 seu
904 3455 1009 3538 platea
1032 3455 1285 3518 Theuthonicali
1312 3457 1392 3518 inter
1417 3458 1532 3518 domos

272 3573 300 3620 et
324 3558 442 3621 fundos
466 3559 598 3642 Georgii
623 3563 814 3644 carpentarii
839 3575 870 3624 et
886 3563 1061 3624 liberorum
1091 3563 1229 3624 condam
1248 3563 1334 3626 Galli
1358 3563 1531 3644 arcuparis,

271 3667 309 3727 ab
326 3686 400 3745 una,
425 3681 512 3748 parte
530 3669 570 3729 ab
595 3667 693 3729 altera
710 3689 786 3730 vero
805 3669 953 3750 Gregorii
972 3669 1047 3731 dicti
1066 3670 1142 3731 Mali
1161 3683 1192 3732 et
1208 3671 1385 3731 liberorum
1404 3670 1531 3731 Andree

272 3771 309 3832 de
334 3771 468 3834 Kochan
493 3772 611 3852 habite,
629 3794 725 3836 unam
751 3789 897 3857 quartam
915 3777 1001 3837 curie
1019 3775 1050 3837 in
1068 3796 1101 3837 se
1122 3777 1353 3854 continentem,
1378 3795 1450 3838 cum
1467 3777 1532 3837 suis

271 3880 474 3960 pertinenciis
509 3881 617 3942 Blasio
652 3883 852 3964 carpentario
883 3882 951 3944 filio
979 3883 1119 3962 Thome,
1152 3902 1238 3944 novo
1263 3883 1386 3944 concivi
1412 3897 1532 3961 nostro,

271 4006 327 4068 pro
351 3987 524 4049 duodecim
548 3987 616 4052 flor.
642 3990 711 4051 auri
743 3990 890 4052 vendidit
921 4004 1076 4072 perpetuo
1108 3990 1335 4071 possidendam
1366 4003 1396 4052 et
1422 4010 1531 4072 super·

273 4091 344 4154 inde
368 4106 415 4154 est
438 4093 529 4155 litera
553 4095 612 4156 sub
636 4095 789 4176 pendenti
813 4096 921 4178 sigillo
946 4097 1187 4158 communitatis
1212 4112 1368 4160 emanata.

375 4217 452 4279 ltem
478 4219 640 4280 lohannes
663 4233 765 4282 sartor
789 4220 874 4282 filius
899 4220 1052 4303 Stephani
1079 4221 1118 4282 de
1144 4221 1301 4305 Roysche,
1327 4241 1432 4283 novus
1455 4241 1531 4282 con-

272 4323 348 4384 civis
372 4337 489 4402 noster,
514 4325 575 4386 sibi
600 4339 631 4388 et
655 4327 780 4408 Agathe
804 4347 859 4388 sue
884 4329 1024 4389 consorti
1056 4349 1111 4409 per
1137 4329 1240 4410 ipsum
1266 4330 1344 4390 emit
1368 4329 1531 4410 quandam

273 4428 403 4490 domum
427 4449 519 4492 suam
544 4451 616 4494 cum
635 4431 737 4494 fundo
755 4447 785 4495 et
809 4432 966 4495 hedificiis
986 4435 1017 4495 in
1037 4434 1120 4496 dicta
1139 4435 1275 4498 civitatis
1299 4436 1381 4498 inter
1397 4436 1531 4496 domum

273 4549 302 4596 et
324 4534 461 4597 fundum
494 4537 643 4620 Dyonisii
677 4539 871 4601 Mozlawecz
904 4555 934 4601 et
967 4539 1115 4622 Gregorii
1148 4541 1369 4620 Wrecharich,
1394 4543 1433 4603 ab
1457 4561 1531 4619 una,

274 4657 359 4723 parte
391 4644 432 4704 ab
463 4643 562 4706 altera
597 4663 671 4706 vero
702 4645 837 4707 Fabiani
871 4661 901 4708 et
933 4645 1066 4728 Georgii
1092 4647 1131 4708 de
1166 4646 1323 4725 Gradsan,
1348 4662 1530 4710 nostrorum

274 4749 465 4829 concivium,
489 4749 643 4830 habitam,
669 4752 809 4813 mediam
835 4753 956 4814 curiam
989 4754 1021 4814 in
1046 4773 1078 4814 se
1103 4754 1334 4832 continentem,
1359 4755 1398 4815 ab
1424 4753 1531 4816 lwano

276 4853 362 4917 Turk
386 4876 444 4938 pro
468 4869 591 4938 septem
616 4856 685 4922 flor.
711 4859 779 4920 auri
804 4872 960 4941 perpetuo
985 4860 1214 4942 possidendam
1240 4873 1271 4922 et
1288 4859 1460 4941 superinde
1486 4875 1532 4922 est

277 4959 361 5026 litera
386 4964 445 5024 sub
470 4964 624 5052 pendenti
650 4965 757 5048 sigillo
782 4966 1022 5031 communitatis
1046 4966 1291 5054 privilegialiter
1314 4980 1471 5035 emanata.
