3854 5798
398 547 461 611 234
929 531 1015 590 Anno
1037 526 1129 610 1463.

395 759 566 822 currentes,
591 745 781 807 censualiter
806 745 900 807 nobis
924 765 981 806 seu
1003 745 1042 806 ad
1061 746 1248 808 comitatum
1268 759 1411 807 nostrum
1438 745 1512 807 dare
1538 759 1569 807 et
1593 764 1658 806 am·

396 851 575 912 ministrare
599 855 794 914 tenebuntur
818 867 848 914 et
873 867 966 912 erunt
990 853 1135 933 obligati.

506 958 604 1031 Quod
629 960 704 1039 quia
721 959 769 1020 vir
792 959 946 1040 providus
971 959 1060 1020 Hans
1078 957 1194 1041 benk
1212 959 1315 1020 dictus
1338 956 1423 1019 filius
1447 956 1590 1018 Pirkardi
1615 955 1655 1017 de

396 1066 528 1143 Agusta,
553 1064 715 1145 quandam
739 1065 870 1127 totalem
890 1064 1022 1126 domum
1041 1085 1130 1130 suam
1147 1065 1243 1126 simul
1266 1084 1338 1126 cum
1358 1063 1459 1125 fundo
1483 1077 1515 1125 et
1538 1063 1656 1124 celario

395 1171 614 1248 subterraneo,
640 1191 699 1231 nec
726 1191 788 1231 non
815 1169 948 1232 edificiis
973 1171 1004 1232 in
1030 1171 1112 1232 dicta
1131 1172 1258 1233 civitate
1286 1186 1318 1233 et
1343 1172 1424 1232 inter
1448 1169 1566 1232 fundos
1589 1189 1659 1230 suc·

395 1294 556 1336 cessorum
581 1276 718 1338 condam
745 1277 879 1338 Fabiani
912 1279 991 1356 coci,
1025 1280 1065 1338 ab
1098 1297 1160 1340 una
1186 1292 1273 1359 parte
1305 1277 1457 1339 videlicet
1480 1297 1498 1337 a
1522 1291 1660 1357 septem·

394 1381 535 1460 trionali,
561 1395 591 1443 et
615 1381 733 1444 fundos
758 1397 864 1444 nostre
889 1385 1130 1445 communitatis
1147 1385 1187 1444 ab
1205 1385 1267 1445 alia
1291 1382 1443 1448 videlicet
1467 1403 1483 1442 a
1509 1383 1660 1444 meridio-

394 1489 458 1550 nali
485 1502 575 1570 parte
601 1488 741 1550 habitam
767 1504 798 1550 et
822 1490 1021 1570 existentem,
1053 1491 1111 1551 tria
1140 1490 1291 1551 videlicet
1324 1489 1483 1571 quartalia
1508 1489 1596 1549 curie
1621 1489 1660 1549 ad

397 1615 490 1656 usum
516 1595 652 1657 civitatis
677 1595 796 1678 prefate
831 1597 861 1656 in
894 1617 927 1658 se
952 1597 1188 1674 continentem,
1221 1597 1325 1678 ipsum
1359 1595 1542 1657 lohannem
1567 1594 1657 1655 Hans

397 1701 518 1763 dictum
543 1701 758 1784 pellificema
792 1703 925 1784 provida
958 1704 1092 1764 muliere
1125 1708 1218 1764 Anna
1241 1717 1354 1764 vocata
1389 1703 1495 1763 relicta
1522 1701 1659 1762 condam

399 1807 577 1869 Clementis
602 1807 748 1890 pellihcis
772 1807 828 1870 filii
855 1809 1008 1890 Stephani
1034 1809 1074 1870 de
1092 1809 1213 1890 Posega
1238 1827 1322 1869 nunc
1346 1827 1423 1868 vero
1448 1821 1597 1868 consorte
1615 1806 1659 1867 le-

396 1913 520 1994 gittima
554 1913 673 1975 Mathie
705 1915 866 1996 arcuparis
897 1915 1032 1975 senioris
1064 1915 1156 1996 jurati
1190 1928 1221 1975 et
1252 1915 1393 1975 concivis
1425 1913 1534 1989 nostri,
1568 1913 1655 1992 juxta

392 2020 559 2100 antiquam
583 2021 762 2102 empcionis
785 2021 880 2082 titulo
905 2021 1078 2082 literatorie
1111 2035 1369 2098 concernentem,
1402 2038 1460 2100 pro
1485 2033 1558 2080 octo
1584 2017 1654 2080 flor.

392 2127 460 2187 auri
476 2127 683 2204 vendidisset,
708 2141 739 2187 et
763 2127 850 2208 quod
870 2147 927 2187 nos
944 2141 1010 2189 tota
1028 2128 1242 2189 communitas
1259 2125 1365 2188 eidem
1385 2126 1519 2187 domino
1538 2125 1657 2186 Mathie

392 2233 568 2315 presbitero
594 2233 808 2313 prebendario
834 2234 968 2295 ecclesie
986 2234 1203 2314 zagrabiensis
1220 2231 1287 2294 filio
1312 2233 1491 2295 Clementis
1518 2232 1657 2312 agricole

392 2337 555 2419 quendam
582 2336 718 2399 fundum
736 2353 879 2400 nostrum
902 2359 958 2400 seu
976 2340 1215 2400 communitatis
1233 2353 1339 2401 nostre
1357 2339 1494 2420 desuper
1510 2357 1546 2398 ac
1560 2357 1658 2418 penes

393 2442 551 2526 prefatam
576 2443 709 2506 domum
735 2445 877 2506 annotati
904 2446 1028 2506 domini
1055 2445 1185 2524 Mathie,
1210 2461 1333 2528 aparte
1356 2444 1609 2527 septemtrionali
1628 2459 1658 2504 et

393 2551 478 2612 inter
502 2549 617 2611 domos
642 2565 672 2610 et
698 2549 814 2612 fundos
846 2571 881 2612 ac
914 2550 1061 2613 hedificia
1096 2552 1224 2614 Thome
1256 2551 1424 2633 freniparis
1450 2549 1602 2612 Selesnalt
1627 2563 1658 2610 et

392 2657 526 2717 honeste
552 2657 695 2717 mulieris
720 2655 821 2718 Elena
845 2657 937 2719 aliter
958 2658 1080 2740 Ztoyka
1098 2674 1210 2720 vocate
1234 2659 1273 2720 ab
1300 2659 1361 2719 alia
1387 2657 1539 2718 videlicet
1563 2656 1657 2717 meri·

394 2761 527 2839 dionali‚
553 2777 734 2823 nostrorum
767 2765 949 2824 concivium
983 2765 1138 2842 habitam,
1163 2780 1225 2826 tres
1260 2765 1291 2826 in
1317 2780 1385 2826 toto
1416 2778 1545 2845 quartas
1569 2763 1657 2824 curie

393 2869 432 2929 ad
458 2888 550 2929 usum
576 2868 712 2930 civitatis
735 2867 856 2951 prefate
883 2871 913 2930 in
931 2891 963 2931 se
981 2872 1212 2950 continentem,
1226 2872 1281 2953 qui
1299 2870 1417 2932 fundus
1440 2885 1571 2952 propter
1588 2889 1654 2930 non

391 2975 592 3037 solucionem
617 2975 783 3037 daciorum
808 2991 838 3037 et
862 2991 1005 3039 taxarum
1031 2993 1061 3039 et
1078 2978 1321 3059 vigilaturarum
1347 2977 1386 3039 de
1411 2977 1526 3038 eodem
1552 2976 1655 3038 nostri

391 3083 422 3142 in
437 3081 581 3142 medium
597 3083 765 3164 provenire
783 3083 986 3162 debencium,
1000 3085 1284 3166 custodiarumque
1299 3084 1515 3164 neglectarum
1534 3083 1573 3144 ad
1592 3103 1651 3144 nos

391 3203 421 3250 et
440 3190 703 3250 communitatem
722 3204 862 3251 nostram
881 3190 1062 3270 devolutus,
1080 3191 1185 3253 eidem
1203 3191 1337 3254 domino
1356 3191 1476 3253 Mathis
1494 3190 1655 3270 dedimus,

393 3295 586 3356 donavimus
610 3311 641 3357 et
666 3297 861 3358 contulimus
885 3317 941 3378 per
965 3297 1103 3359 eundem
1129 3297 1438 3379 quomodocumque
1462 3296 1548 3378 juxta
1573 3316 1648 3358 con·

390 3401 553 3463 dicionem
571 3417 737 3484 prenotate
761 3404 1002 3464 communitatis
1026 3404 1165 3465 voluerit
1189 3403 1438 3486 disponendum.

496 3509 584 3586 ltem,
611 3525 645 3571 ut
668 3509 744 3589 quia
769 3509 816 3570 vir
840 3510 995 3590 providus
1020 3510 1154 3572 Mathias
1179 3507 1319 3571 carnifex
1343 3509 1452 3570 senior
1477 3509 1599 3590 juratus
1624 3523 1655 3570 et

390 3616 531 3676 concivis
556 3629 662 3676 noster
687 3614 771 3676 filius
797 3615 951 3676 iohannis
972 3615 1029 3677 filii
1048 3617 1195 3698 Myklini,
1221 3615 1385 3698 quandam
1410 3616 1537 3676 vineam
1562 3633 1653 3675 suam

389 3723 421 3782 in
447 3721 606 3783 territorio
632 3737 740 3782 nostro
758 3741 814 3782 seu
840 3722 975 3783 civitatis
992 3721 1110 3804 prefate
1136 3743 1153 3784 a
1181 3737 1268 3804 parte
1287 3721 1439 3783 orientali
1464 3720 1653 3802 incipiendo

388 3849 404 3889 a
432 3829 568 3889 decursu
593 3848 675 3908 aque
700 3828 850 3910 pluvialis
866 3828 1028 3890 tendendo
1054 3849 1154 3909 usque
1187 3829 1270 3889 viam
1305 3828 1336 3888 in
1370 3827 1492 3890 vertice
1517 3841 1547 3888 et
1571 3827 1653 3888 inter

389 3935 485 3994 aliam
511 3935 636 3994 vineam
663 3933 775 4016 prefati
802 3935 920 3996 Mathie
954 3934 1110 3995 carnificis
1135 3937 1173 3995 ab
1207 3935 1385 4013 occidente,
1418 3948 1551 4015 aparte
1576 3952 1652 3993 vero

389 4041 592 4102 meridionali
620 4061 720 4122 usque
745 4055 886 4102 meatum
911 4061 993 4123 aque
1027 4062 1081 4102 seu
1106 4041 1191 4102 viam
1223 4043 1335 4102 subtus
1359 4040 1496 4100 eandem
1522 4040 1652 4101 vineam

389 4147 531 4208 habitam
545 4167 578 4208 se
591 4147 835 4228 protendentem
852 4147 991 4210 habitam
1007 4163 1037 4209 et
1050 4150 1247 4226 existentem,
1265 4149 1369 4229 ipsum
1382 4146 1535 4209 Mathiam
1550 4148 1648 4208 carni·

388 4250 479 4313 ficem
505 4273 522 4313 a
547 4251 682 4314 condam
708 4254 845 4334 provido
870 4254 939 4315 viro
966 4254 1123 4316 Michaele
1140 4254 1207 4315 filio
1232 4254 1393 4315 Valentini
1420 4253 1499 4314 olim
1525 4252 1651 4314 inhabi-

391 4375 491 4421 tatore
517 4359 599 4420 dicte
624 4359 760 4420 civitatis
785 4360 961 4442 empcionis
977 4361 1071 4421 titulo
1090 4361 1263 4422 literatorie
1288 4373 1548 4437 concernentem,
1573 4379 1646 4421 cum

386 4468 539 4527 omnibus
563 4481 632 4545 etc,
658 4467 796 4528 discreto
821 4467 889 4528 viro
918 4467 1052 4528 domino
1085 4468 1204 4530 Mathie
1230 4467 1407 4549 presbitero
1434 4468 1650 4548 prebendario

387 4573 520 4634 ecclesie
543 4573 757 4654 zagrabiensis
782 4593 839 4654 pro
857 4588 994 4654 quatuor
1019 4572 1089 4638 flor.
1119 4575 1186 4634 auri
1205 4594 1261 4656 per
1286 4573 1426 4634 eundem
1451 4573 1509 4656 ipsi
1529 4573 1650 4634 Mathie

387 4677 525 4740 carnifici
551 4680 645 4761 plene
670 4679 841 4761 persolutis
866 4679 1063 4740 vendidisset
1080 4695 1111 4742 et
1128 4679 1439 4761 quomodocumque
1464 4678 1549 4760 juxta
1575 4699 1650 4740 con·

386 4787 546 4848 dicionem
572 4786 707 4846 civitatis
731 4801 896 4868 prenotate
922 4787 1019 4848 vellet
1042 4786 1286 4868 disponendam.

494 4893 591 4965 Quod
617 4893 665 4952 vir
691 4892 844 4974 providus
869 4892 1049 4974 Stephanus
1083 4891 1223 4955 carnifex
1248 4893 1356 4974 Zayko
1381 4892 1483 4953 dictus
1507 4893 1651 4954 concivis

386 5013 492 5061 noster
517 4999 680 5081 quandam
706 5000 832 5060 vineam
857 5018 947 5060 suam
976 5000 1009 5060 in
1042 4999 1204 5060 territorio
1229 5012 1338 5060 nostro
1370 5017 1407 5060 ac
1431 4998 1512 5060 inter
1537 4999 1649 5060 vineas
