3832 5804
422 1611 550 1712 (duno
577 1610 734 1700 Domini
761 1611 993 1702 noscenti
1021 1614 1060 1701 et
1087 1611 1362 1714 Moccoonl.)

843 1831 947 1840 -ι-

261 1965 350 2043 Item
378 1967 574 2044 notandum
605 1975 673 2055 est,
704 1968 800 2068 qnod
827 1969 862 2042 in
899 1991 993 2044 anno
1031 1967 1176 2046 Domini
1214 1969 1402 2046 millesimo
1440 1993 1525 2070 qua-

262 2089 542 2189 dringentesimo
562 2093 861 2192 quinquagesimo
882 2093 1051 2185 secundo,
1076 2093 1166 2169 feria
1186 2095 1344 2170 secunda
1362 2089 1527 2194 proxima

261 2223 345 2290 ante
374 2213 505 2291 lestum
532 2215 707 2291 kathedre
726 2216 825 2291 beati
854 2215 954 2292 Petri
973 2217 1142 2316 apostoli,
1162 2225 1328 2317 tempore
1343 2216 1525 2316 judicatus

257 2339 382 2439 Jacobi
411 2338 599 2439 Eberspek
636 2337 695 2414 filii
726 2337 846 2432 Vinici,
883 2341 919 2415 in
956 2343 1118 2440 presenti
1148 2341 1298 2418 katerno
1328 2351 1412 2418 sunt
1440 2365 1524 2418 con-

260 2463 405 2562 signate
443 2463 547 2540 litere
575 2463 819 2564 privilegiales
848 2488 957 2563 super
994 2466 1286 2566 possessionibus
1316 2474 1354 2544 et
1381 2467 1523 2566 porcio·

259 2587 360 2663 nibus
386 2588 686 2688 possessionariis
715 2588 840 2664 civium
870 2597 909 2665 et
944 2589 1223 2666 inhabitatorum
1254 2591 1409 2667 civitatis
1443 2614 1522 2691 pre-

522 2711 618 2788 dicte
647 2713 755 2788 modo
784 2721 823 2788 et
851 2713 975 2790 ordine
1005 2713 1254 2814 infrascriptis,

777 2993 837 3059 (21.
854 2979 1030 3057 febman'i).

363 3119 442 3182 ltem
467 3131 534 3182 tota
559 3121 775 3183 communitas
798 3121 918 3183 civium
947 3133 978 3183 et
1002 3120 1254 3184 inhabitatorum
1286 3122 1424 3186 civitatis
1447 3143 1517 3206 pre·

259 3225 353 3307 dicte,
377 3225 474 3288 simul
499 3227 532 3289 in
557 3246 658 3289 uuum
683 3227 773 3289 dives
801 3241 833 3289 et
863 3247 995 3310 pauper,
1027 3228 1095 3310 pari
1121 3241 1152 3290 et
1184 3228 1329 3290 unanimi
1353 3229 1518 3294 voluntate

257 3332 416 3415 quosdam
440 3330 559 3396 fundos
583 3333 693 3396 civiles
718 3334 750 3395 in
773 3335 929 3397 suburbio
958 3335 1095 3396 civitatis
1126 3334 1269 3418 predicte
1293 3335 1376 3398 inter
1400 3334 1519 3398 fundos

256 3453 287 3502 et
310 3438 426 3502 domos
450 3439 701 3502 molendinarias
725 3439 905 3502 molendini
930 3440 1054 3502 domini
1080 3440 1335 3526 SeboldiMayar
1359 3442 1519 3524 capitanei

255 3549 355 3611 nostri
380 3549 540 3628 moderni,
564 3549 790 3628 ameridione‚
815 3563 845 3611 et
868 3551 949 3611 inter
965 3547 1103 3611 fundum
1128 3563 1159 3610 et
1182 3548 1316 3610 domum
1341 3549 1518 3611 liberorum

254 3675 309 3718 seu
334 3675 555 3719 successorum
588 3654 725 3718 condam
757 3655 914 3717 Anthonii
947 3654 1199 3740 Mozlawchycb‚
1232 3675 1248 3716 a
1277 3655 1518 3737 septemtrione,

254 3776 285 3825 et
309 3763 391 3826 inter
406 3763 541 3825 fluvium
568 3777 714 3825 nostrum
729 3765 881 3826 metalem
898 3765 938 3826 ab
955 3764 1089 3842 oriente,
1106 3783 1142 3825 ac
1166 3763 1248 3826 inter
1264 3763 1351 3826 viem
1367 3782 1519 3844 magnam

253 3883 284 3932 et
307 3889 513 3932 communem
538 3872 579 3933 ab
602 3869 770 3932 occidente
794 3869 932 3948 habitos,
955 3889 988 3932 se
1013 3871 1163 3952 contigue
1182 3883 1213 3931 et
1237 3869 1412 3932 inmediate
1437 3889 1515 3931 con·

252 3977 423 4059 tingentes,
448 3976 694 4060 quatuordecim
719 3977 770 4038 vel
794 3977 872 4038 citra
896 3989 931 4038 ut
955 3977 1071 4038 dicitur
1095 3989 1224 4058 quartas
1248 3977 1335 4039 curie
1360 3976 1449 4038 inse
1474 3976 1514 4037 ad

252 4102 346 4145 usum
372 4083 510 4146 civitatis
533 4082 676 4166 predicte
701 4083 733 4145 in
757 4103 790 4144 se
815 4083 1027 4163 continentes,
1051 4084 1091 4144 ab
1116 4083 1268 4144 omnibus
1292 4083 1371 4144 taxis
1395 4095 1426 4144 et
1450 4082 1515 4144 col·

251 4189 342 4252 lectis
365 4191 483 4253 nostris
516 4191 744 4253 communibus
775 4211 811 4253 ac
836 4211 852 4252 a
886 4190 1064 4272 vigilaturis
1095 4203 1126 4252 et
1156 4191 1322 4252 laboribus
1346 4189 1517 4252 ordinariis

250 4296 336 4359 tlaka
360 4298 494 4376 vocatis,
518 4316 554 4359 ac
579 4296 731 4358 civilitate
755 4297 945 4359 eorumdem
963 4296 1138 4376 fundorum
1163 4297 1340 4358 eximentes
1363 4309 1394 4358 et
1418 4295 1514 4357 liber·

250 4416 353 4467 tentes
376 4423 412 4466 ac
436 4403 613 4486 expiantes,
637 4402 762 4486 prefato
787 4404 922 4466 domino
952 4403 1095 4466 Seboldo
1127 4404 1296 4485 capitaneo
1321 4417 1430 4464 nostro
1455 4421 1538 4485 pro,

250 4513 343 4573 certis
367 4509 531 4574 beneficiis
562 4523 593 4572 et
623 4510 766 4573 serviciis
796 4511 862 4573 suis
894 4529 951 4593 per
983 4511 1089 4594 ipsum
1115 4510 1209 4572 nobis
1241 4510 1304 4592 jam
1338 4509 1445 4592 sepius
1469 4509 1516 4570 in·

248 4619 355 4700 pensis
379 4631 411 4681 et
434 4618 467 4680 in
491 4615 635 4680 futurum
660 4616 794 4700 inpendi
827 4617 1068 4700 compromissis
1093 4636 1131 4678 ex
1165 4616 1295 4680 instanti
1321 4629 1352 4678 et
1375 4615 1515 4698 juricon·
1594 4609 1600 4620 '

249 4743 327 4786 sona
351 4723 451 4807 ipsius
474 4723 635 4806 peticione
660 4743 696 4785 ac
721 4743 777 4806 per
794 4743 869 4786 eum
886 4724 953 4785 suis
970 4722 1142 4784 heredibus
1159 4722 1260 4784 literis
1276 4721 1393 4784 nostris
1417 4721 1515 4804 privi-

248 4829 419 4912 legialibus
442 4830 614 4893 statuimus
638 4843 669 4893 et
693 4829 955 4892 confirmavimus
971 4843 1128 4912 perpetuo
1147 4828 1360 4911 possidendos
1385 4841 1415 4890 et
1433 4847 1514 4908 quo·

249 4937 488 5020 modocumque
513 4937 653 4999 voluerit
682 4937 903 5019 disponendos
934 4937 1020 5018 juxta
1052 4935 1279 4996 condicionem
1313 4948 1344 4996 et
1369 4933 1515 5016 jurisdic-

249 5045 375 5108 cionem
399 5045 536 5109 civitatis
562 5059 729 5128 prenotate
754 5045 998 5128 privilegialiter
1027 5045 1237 5127 approbatam
1264 5043 1317 5121 ita,
1343 5041 1431 5124 quod
1455 5059 1531 5128 nec?
