3832 5804
385 569 444 630 154
912 551 1002 612 Anno
1023 567 1114 632 1454.

486 763 562 824 Item
588 764 776 826 medietates
808 764 870 825 due
902 764 1037 826 duarum
1073 779 1228 826 terrarum
1263 764 1433 826 arabilium
1466 766 1498 826 in
1525 785 1640 846 campo

380 871 515 932 civitatis
539 871 680 952 predicte
705 871 897 950 habitarum,
922 891 986 952 que
1010 872 1147 932 condam
1172 872 1255 932 Petri
1287 872 1362 932 dicti
1389 871 1545 933 Pentheia
1570 891 1639 952 pre·

379 977 518 1056 luerunt,
542 997 599 1060 per
622 978 847 1040 vendicionem
875 979 973 1060 ipsius
998 979 1081 1039 Petri
1100 977 1255 1039 Penthera
1280 992 1311 1039 et
1334 997 1390 1060 per
1415 977 1638 1039 confirmacio·

381 1104 455 1144 nem
481 1083 571 1145 Pauli
596 1083 653 1145 lilii
686 1083 761 1146 dicti
789 1084 872 1145 Petri
898 1083 1054 1146 Penthera
1079 1099 1109 1145 et
1142 1083 1275 1146 fratrum
1305 1105 1436 1146 suorum
1462 1083 1639 1146 Benedicto

378 1189 446 1252 filio
472 1191 603 1271 Georgii
628 1191 667 1252 de
694 1189 948 1276 Symotvchynch
977 1205 1050 1252 sunt
1074 1206 1189 1253 statute
1207 1205 1363 1272 perpetuo
1389 1190 1583 1273 possidende
1608 1204 1639 1250 et

379 1297 550 1380 superinde
576 1311 622 1358 est
646 1297 705 1358 sibi
731 1297 821 1358 litera
845 1299 904 1358 sub
922 1297 1075 1380 pendenti
1100 1298 1206 1378 sigillo
1224 1299 1464 1360 communitatis
1482 1311 1640 1360 emanata.

484 1404 560 1466 ltem
587 1405 698 1466 Petrus
723 1403 806 1465 filius
830 1404 967 1465 condam
995 1405 1159 1466 Benedicti
1185 1405 1261 1466 dicti
1292 1406 1405 1483 hensa,
1431 1405 1637 1466 medietatem

379 1511 543 1573 cuiusdam
569 1512 647 1572 silve
673 1511 754 1572 inter
778 1511 891 1571 silvam
917 1511 1086 1572 Laurencii
1111 1512 1264 1572 institoris
1288 1527 1319 1572 et
1346 1513 1428 1572 inter
1453 1511 1549 1572 aliam
1576 1531 1640 1572 me·

378 1618 527 1680 dietatem
562 1616 704 1678 eiusdem
737 1617 816 1678 siive
853 1616 961 1678 lwano
994 1616 1060 1678 lilio
1094 1617 1182 1678 Pauli
1216 1619 1255 1679 de
1290 1617 1393 1680 Obres
1424 1632 1455 1678 et
1486 1637 1542 1700 per
1567 1636 1639 1678 eum

378 1725 521 1786 Fabiano
547 1724 695 1786 filiosuo
720 1744 778 1806 pro
805 1725 932 1785 duobus
965 1743 1037 1785 cum
1069 1724 1178 1786 medio
1203 1725 1273 1786 flor.
1305 1725 1374 1785 auri
1398 1724 1546 1786 vendidit
1570 1743 1640 1805 per·

376 1847 473 1914 petuo
498 1831 727 1914 possidendam
753 1845 783 1891 et
800 1831 971 1913 superinde
990 1845 1037 1892 est
1059 1831 1149 1892 litera
1173 1832 1232 1892 sub
1250 1831 1403 1913 pendenti
1428 1831 1535 1910 sigillo
1554 1833 1646 1891 com-'

377 1939 544 1999 munitatis
569 1951 725 2002 emanata.

483 2045 560 2107 ltem
585 2045 729 2127 predicto
748 2045 936 2106 Sebastiano
955 2045 1106 2106 Soldinar
1123 2045 1275 2106 dominus
1293 2045 1449 2106 Martinus
1466 2043 1640 2104 canonicus

377 2151 511 2214 ecclesie
536 2151 751 2231 zagrabiensis
778 2165 965 2234 procurator
982 2151 1159 2231 legittimus
1184 2151 1266 2211 Petri
1285 2149 1433 2228 Cassnar,
1453 2151 1484 2210 in
1503 2169 1640 2231 persona

377 2258 488 2340 ipsius,
513 2257 592 2318 duas
616 2258 785 2340 porciones
810 2259 952 2320 vineales
969 2249 1186 2340 predictorum
1206 2257 1339 2338 Georgii
1358 2257 1494 2334 clientis,
1518 2256 1640 2337 generi,

376 2379 407 2426 et
431 2365 586 2426 Anthonii
611 2365 758 2430 similiter
777 2365 901 2426 clientis
924 2365 981 2427 filii
1000 2365 1136 2426 condam
1162 2365 1245 2427 Petri
1264 2363 1464 2446 Zudrowych
1483 2382 1542 2444 pro
1560 2363 1639 2424 duo·

375 2471 480 2532 decim
505 2471 575 2532 flor.
599 2472 668 2532 auri
694 2471 839 2532 vendidit
862 2485 1018 2554 perpetuo
1044 2470 1253 2554 possidendas
1281 2485 1312 2532 et
1334 2470 1506 2552 superinde
1532 2469 1638 2530 eidem

378 2577 567 2638 Sebastiano
599 2578 658 2637 sub
691 2577 844 2658 pendenti
876 2577 984 2659 sigillo
1021 2578 1261 2638 communitatis
1293 2575 1411 2660 (litera)
1436 2591 1584 2637 emanata
1610 2590 1641 2636 et

376 2681 532 2744 confecta.

481 2790 558 2852 ltem
583 2791 746 2852 lohannes
769 2790 854 2852 filius
879 2790 963 2851 lwan
997 2791 1036 2852 de
1062 2791 1258 2873 Schapowcz
1291 2791 1498 2852 medietatem
1523 2791 1639 2850 domus

376 2895 543 2957 Michaelis
567 2896 696 2957 sartoris
714 2917 749 2957 ex
768 2917 925 2958 consensu
951 2898 1095 2958 eiusdem
1115 2898 1281 2959 Michaelis
1298 2895 1427 2958 sartoris
1444 2911 1475 2957 et
1499 2896 1637 2956 aliorum

374 3003 556 3064 vicinorum
582 3003 731 3064 Emerico
750 3002 817 3066 lilio
843 3003 968 3066 Crisani
987 3003 1026 3064 de
1050 3003 1153 3082 Cheh‚
1171 3023 1257 3064 novo
1275 3003 1399 3064 concivi
1424 3015 1545 3080 nostro,
1562 3021 1637 3063 ven-

374 3109 456 3170 didit
479 3125 634 3192 perpetuo
660 3110 887 3190 possidendam
921 3124 952 3171 et
982 3111 1154 3192 superinde
1187 3125 1234 3172 est
1266 3110 1326 3170 sibi
1359 3109 1449 3170 litera
1475 3109 1534 3169 sub
1560 3127 1635 3190 pen·

374 3213 461 3275 denti
486 3215 593 3295 sigillo
619 3217 858 3276 communitatis
883 3231 1039 3278 emanata.

480 3321 557 3382 ltem
583 3322 714 3382 domina
739 3327 832 3383 Anna
850 3322 958 3384 relicta
983 3323 1120 3384 condam
1140 3323 1220 3384 Pero
1237 3323 1332 3404 jurati
1357 3322 1488 3386 totalem
1519 3337 1637 3383 terram

374 3446 465 3487 suam
491 3427 644 3488 arabilem
678 3428 710 3488 in
742 3448 856 3509 campo
889 3429 1026 3491 civitatis
1057 3430 1200 3512 predicte
1224 3431 1255 3490 in
1290 3430 1454 3492 vicinitate
1478 3443 1636 3490 terrarum

375 3533 544 3595 arabilium
570 3534 733 3595 Valentini
758 3535 872 3614 judicis
895 3535 1049 3614 habitam,
1074 3536 1211 3597 Nicolao
1243 3537 1357 3597 sartori
1381 3534 1449 3597 filio
1475 3535 1638 3612 Damiani,

373 3639 488 3720 jurato,
513 3641 638 3700 concivi
662 3655 782 3719 nostro,
807 3661 865 3722 pro
890 3641 1075 3722 quindecim
1100 3641 1171 3703 flor.
1190 3643 1336 3704 vendidit
1359 3656 1516 3724 perpetuo
1535 3641 1637 3722 possi·

374 3744 514 3807 dendam
539 3759 570 3807 et
592 3747 764 3828 superinde
789 3761 834 3807 est
858 3747 949 3808 litera
981 3750 1039 3810 sub
1074 3749 1227 3830 pendenti
1260 3749 1369 3830 sigillo
1394 3748 1636 3810 communitatis

373 3865 530 3914 emanata.

426 4089 506 4160 ltem
535 4093 567 4160 in
596 4091 681 4162 sesto
713 4091 966 4164 Purificacionis
996 4095 1090 4164 beate
1123 4114 1254 4182 semper
1282 4093 1424 4182 virginis
1453 4095 1568 4166 llario.

881 4243 925 4323 (2.
942 4244 1124 4326 februaria).

478 4383 555 4443 ltem
580 4384 797 4464 possessiones
823 4367 1172 4469 DyonisiiWodopya
1200 4390 1305 4472 vocati
1330 4403 1360 4450 et
1385 4387 1553 4449 Elizabeth
1579 4408 1635 4448 sue

374 4487 540 4566 consortis,
565 4487 714 4550 videlicet
737 4490 829 4551 vinea
847 4510 920 4551 cum
946 4491 1063 4574 (hlorto
1081 4493 1229 4574 desuper,
1255 4509 1285 4555 et
1303 4493 1366 4555 due
1391 4494 1470 4555 silve
1495 4494 1527 4554 in
1544 4495 1635 4555 terri·

372 4593 455 4653 torio
480 4593 626 4672 civitatis,
640 4595 725 4674 juxta
750 4609 899 4658 contenta
916 4598 1080 4659 literarum
1099 4600 1350 4680 privilegialium
1368 4602 1541 4683 superinde
1559 4621 1635 4662 con·

372 4696 525 4760 lectarum
550 4719 587 4760 ex
612 4721 650 4761 eo
675 4716 748 4762 sunt
773 4703 907 4764 Nicolao
933 4706 1056 4782 sartori,
1080 4706 1195 4787 jurato,
1219 4705 1286 4768 filio
1318 4708 1456 4768 condam
1482 4708 1634 4769 Damiani

372 4804 410 4864 de
436 4805 652 4888 Hruseivycza
677 4828 712 4868 ac
737 4829 793 4889 per
816 4829 889 4870 eum
923 4812 986 4871 suis
1019 4812 1191 4874 heredibus
1226 4829 1299 4874 sunt
1323 4815 1381 4874 sub
1415 4814 1569 4895 pendenti
1595 4815 1635 4874 si·

372 4911 450 4990 gillo
487 4915 726 4974 communitatis
763 4915 948 4978 confirmate
981 4919 1155 4980 literatorie
1187 4935 1344 5002 perpetuo
1376 4921 1571 5002 possidende
1604 4935 1635 4982 et

371 5017 678 5100 quomodocumque
688 5021 826 5083 voluerit
836 5023 1045 5105 disponende,
1059 5026 1134 5106 quia
1145 5046 1197 5088 eas
1207 5027 1268 5108 ipsi
1280 5026 1456 5110 Dyonisius
1465 5027 1631 5110 Wodopia
