3854 5798
395 518 458 579 265
970 520 1057 576 Anno
1078 514 1174 596 1468.

394 731 552 808 dendam;
577 733 699 813 etquis
717 732 897 812 predictum
915 732 1140 794 molendinum
1157 753 1174 793 a
1198 732 1291 793 certis
1308 733 1472 793 retroactis
1495 750 1659 792 annornm

394 839 561 901 curriculis
584 839 690 899 existit
713 839 895 900 desolatum
911 853 943 900 et
966 839 1146 918 ruinosum,
1170 839 1257 920 quod
1277 837 1344 920 ipsa
1359 837 1475 900 Vrsula
1498 839 1565 899 suis
1582 858 1659 920 pro-

393 946 470 1028 priis
494 945 640 1028 expensis
665 946 812 1006 renovari
836 964 941 1028 posse,
965 965 998 1006 se
1030 945 1200 1026 allegabat,
1223 945 1279 1006 sed
1312 965 1351 1006 ex
1374 945 1443 1006 eius
1476 945 1658 1007 molendini

393 1053 485 1114 ruina
509 1073 624 1114 census
648 1067 755 1114 nostre
788 1053 1031 1114 communitatis
1064 1052 1309 1129 diminuentur,
1340 1065 1511 1133 propterea
1542 1051 1658 1112 eadem

393 1159 508 1220 Vrsula
533 1159 649 1220 mulier
673 1160 767 1220 nobis
789 1159 972 1241 supplicare
997 1159 1132 1236 curarit,
1156 1173 1192 1220 ut
1208 1177 1267 1219 nos
1283 1159 1390 1240 palam
1415 1171 1447 1220 et
1470 1158 1576 1218 oculte
1599 1177 1658 1240 per

392 1284 548 1347 precones
572 1279 698 1326 nostros
721 1283 911 1328 communes
935 1265 1127 1347 proclamari
1157 1263 1345 1343 laceremus,
1370 1265 1453 1326 ursi
1478 1264 1595 1345 aliquis
1618 1283 1657 1324 ex

392 1371 565 1434 heredibus
588 1373 718 1433 illorum
743 1372 799 1453 qui
823 1372 1014 1453 premissum
1039 1371 1266 1432 molendinum
1293 1391 1329 1432 ac
1354 1372 1438 1453 ipsas
1461 1385 1560 1432 terras
1584 1390 1654 1431 ara·

393 1479 474 1541 biles
494 1479 599 1542 eidem
618 1479 756 1541 condam
775 1479 869 1540 Petro
887 1479 1115 1542 archidiacono
1133 1477 1211 1539 dum
1228 1477 1455 1559 supervivehat
1471 1476 1655 1559 inpignora-

392 1600 490 1664 verat,
515 1585 601 1647 idem
626 1584 850 1648 molendinum
876 1599 907 1646 et
929 1599 1028 1646 terras
1052 1585 1189 1646 arabiles
1212 1585 1252 1645 ab
1281 1584 1394 1646 eadem
1418 1584 1575 1658 redimere
1599 1583 1655 1644 de·

392 1694 514 1770 herent,
538 1713 578 1755 ne
601 1711 715 1754 census
736 1679 774 1752 ex
798 1692 919 1754 eisdem
942 1693 1025 1752 dicte
1049 1691 1168 1752 civitati
1193 1691 1386 1773 proveniens
1409 1689 1654 1751 diminueretur.

392 1799 460 1860 Nos
483 1799 580 1880 igitur
603 1799 899 1881 supplicationibus
915 1811 1067 1860 annotate
1085 1798 1198 1860 Vrsule
1220 1797 1364 1858 mulieris
1381 1811 1545 1877 tamquam
1564 1796 1654 1876 justis

392 1919 423 1968 et
446 1904 661 1985 juriconsonis
683 1905 723 1966 sd
756 1925 815 1966 nos
846 1920 1015 1988 propterea
1046 1905 1201 1986 porrectis
1232 1904 1388 1982 inclinati,
1418 1923 1514 1986 super
1546 1903 1651 1986 ipsum

392 2011 616 2073 molendinum
641 2031 677 2073 ac
700 2013 792 2074 terris
815 2013 991 2074 arabilibus
1020 2012 1149 2093 publice
1182 2025 1216 2072 ut
1239 2011 1338 2071 moris
1362 2023 1408 2072 est
1432 2025 1463 2072 et
1487 2023 1654 2071 consuetu-

391 2117 476 2179 dinis
499 2118 582 2180 dicte
606 2119 743 2180 civitatis
758 2119 842 2180 trina
866 2120 934 2181 vice
952 2117 1097 2196 fecimus,
1114 2119 1224 2198 sicque
1241 2118 1394 2178 omnihus
1417 2117 1564 2179 terminis
1580 2136 1653 2198 pro·

390 2225 626 2286 clamationum
651 2226 801 2307 expiratis
825 2239 855 2286 et
878 2225 1023 2307 expletis,
1049 2224 1158 2286 nullus
1182 2243 1219 2285 ex
1247 2223 1419 2286 heredibus
1443 2223 1573 2285 illorum
1597 2223 1653 2304 qui

390 2331 494 2412 ipsum
519 2333 745 2394 molendinum
769 2347 801 2394 et
823 2347 923 2394 terras
940 2333 1233 2413 inpignoraversnt,
1257 2331 1298 2392 ad
1315 2331 1541 2392 redimendum
1567 2330 1652 2390 idem

391 2450 423 2499 et
447 2437 575 2500 easdem
608 2439 648 2499 ab
685 2437 797 2500 eadem
830 2439 942 2500 Vrsula
976 2439 1074 2500 nostri
1103 2439 1135 2499 in
1168 2437 1366 2520 presenciam
1398 2455 1463 2498 non
1496 2449 1654 2497 venerunt

390 2563 495 2624 neque
520 2545 686 2622 miserunt,
711 2558 807 2625 prout
839 2544 899 2606 hoc
932 2546 963 2605 in
997 2544 1149 2606 esthemo
1174 2557 1284 2605 nostro
1318 2543 1461 2623 judiciali
1486 2543 1652 2608 communi

390 2650 491 2711 lacius
514 2651 707 2730 continetur,
731 2651 774 2711 ob
802 2650 863 2712 hoc
895 2671 954 2712 nos
987 2651 1092 2712 eidem
1116 2650 1232 2712 Vrsule
1265 2650 1393 2712 mulieri
1424 2650 1456 2710 id
1481 2650 1654 2712 annuimus

389 2771 420 2818 et
444 2757 671 2836 concessimus,
695 2771 730 2820 ut
754 2757 822 2838 ipsa
847 2758 968 2818 dictum
1002 2758 1227 2818 molendinum
1254 2776 1327 2818 cum
1351 2757 1442 2817 terris
1467 2755 1653 2836 arabilibus,

390 2881 429 2923 ne
452 2877 627 2944 proventus
652 2877 682 2924 et
699 2883 812 2924 census
833 2864 931 2924 nostri
950 2864 1215 2945 periclitarentur,
1232 2863 1426 2943 cuicumque
1443 2861 1560 2944 poterit
1577 2881 1652 2922 ven·

388 2968 486 3029 dendi
510 2969 713 3030 attribuimus
736 2983 927 3052 potestatem
951 2971 1010 3030 sub
1041 2970 1232 3030 condicione
1250 2969 1332 3030 dicte
1358 2968 1495 3031 civitatis
1521 2981 1553 3028 et
1576 2987 1653 3028 con·

389 3075 571 3137 dicionibus
595 3075 675 3137 infra
701 3076 918 3150 declarandis;
944 3076 1018 3138 ideo
1042 3077 1108 3158 ipss
1134 3076 1248 3137 Vrsula
1273 3091 1415 3138 nostram
1439 3075 1652 3157 personaliter

388 3182 520 3243 veniens
545 3182 576 3243 in
601 3183 799 3264 presenciam
825 3184 978 3244 oneribus
1002 3197 1032 3243 et
1048 3182 1288 3263 gravaminibus
1312 3179 1426 3264 prefati
1444 3180 1573 3242 Thome
1589 3180 1650 3242 viri

388 3302 419 3348 et
443 3287 598 3364 Johsnnis
622 3287 679 3350 filii
704 3307 835 3350 snorum
862 3289 894 3350 in
927 3309 959 3349 se
988 3291 1089 3371 ipsam
1122 3288 1293 3371 assumptis
1323 3287 1503 3369 predictum
1527 3287 1651 3348 molen-

388 3393 500 3455 dinum
525 3414 597 3456 cnm
622 3395 713 3456 terris
737 3395 924 3474 arabilibus,
949 3415 1008 3456 nec
1033 3415 1097 3456 non
1123 3396 1286 3476 quandam
1304 3395 1442 3472 vineam,
1466 3412 1563 3475 quarn
1581 3413 1650 3475 pre·

387 3498 470 3561 fatus
495 3501 640 3562 Thomas
664 3521 680 3562 a
707 3501 902 3564 Berdowecz
927 3503 1067 3582 agricola
1085 3503 1213 3564 emisset
1230 3502 1262 3562 in
1279 3501 1441 3562 territorio
1466 3501 1549 3562 dicte
1572 3501 1649 3561 ciri·

386 3606 459 3668 tatis
482 3626 577 3688 supra
602 3607 686 3668 idem
713 3607 937 3670 molendinum
963 3622 994 3670 et
1017 3627 1115 3689 penes
1133 3608 1260 3668 vineam
1285 3606 1544 3668 condicionalem
1568 3605 1649 3667 libe·

387 3732 496 3774 rorum
520 3713 657 3776 condam
681 3714 803 3775 Vrbani
827 3715 967 3795 agricole
994 3713 1125 3776 Godecz
1143 3714 1218 3776 dicti
1243 3727 1274 3776 et
1297 3714 1380 3776 inter
1402 3713 1516 3775 silvam
1541 3726 1649 3774 nostre

386 3820 626 3881 communitatis
650 3819 803 3899 habitam,
827 3839 899 3882 cum
925 3821 989 3882 suis
1013 3821 1205 3882 utilitatibus
1229 3819 1366 3902 provido
1391 3819 1542 3881 Emerico
1565 3819 1648 3898 agri·

385 3925 454 3987 cole
478 3924 545 3987 filio
563 3925 692 3988 Thome
709 3927 879 3988 Wobocelr
896 3927 982 3989 dicto
999 3928 1039 3989 de
1057 3927 1246 4010 Chycherys
1271 3947 1307 3988 ac
1324 3926 1384 3989 civi
1402 3926 1442 3988 de
1459 3926 1551 3987 Nova
1567 3925 1648 3988 villa

385 4051 421 4092 ac
446 4050 501 4112 per
526 4051 599 4092 enm
623 4033 689 4093 suis
713 4033 884 4095 heredibus
909 4033 1086 4115 predictum
1119 4032 1343 4095 molendinum
1376 4052 1449 4094 cum
1474 4033 1566 4095 terris
1590 4051 1649 4114 pro

385 4137 514 4218 triginta
540 4137 620 4217 flor,
638 4140 766 4201 vineam
784 4159 859 4201 vero
876 4139 1052 4221 predictam
1070 4159 1128 4222 pro
1145 4141 1246 4201 tribus
1263 4141 1332 4204 flor.
1351 4153 1381 4201 et
1399 4140 1525 4201 duabus
1541 4138 1649 4221 pensis

386 4243 592 4306 denariorum
619 4246 712 4326 plene
736 4265 792 4328 per
824 4247 963 4307 eundem
996 4246 1101 4307 eidem
1126 4247 1298 4326 persolutis
1330 4243 1569 4328 (vendidisset),
1603 4245 1645 4306 ita

384 4365 503 4428 tamen,
528 4351 617 4432 quod
641 4351 781 4433 prefatus
806 4353 972 4414 Emericus
997 4367 1027 4414 et
1051 4349 1101 4414 sui
1121 4351 1256 4414 heredes
1280 4353 1319 4413 de
1344 4352 1431 4414 dicto
1456 4351 1649 4413 molendino

384 4469 416 4517 et
438 4469 520 4518 terra
546 4477 646 4518 unum
664 4457 734 4520 flor.
758 4473 789 4520 et
806 4474 943 4540 quatuor
960 4479 1126 4521 mensuras
1143 4479 1244 4521 avene
1261 4478 1386 4541 semper
1408 4459 1440 4520 in
1465 4457 1546 4520 festo
1564 4458 1648 4520 besti

384 4563 546 4626 Valentini
582 4565 737 4644 martiris,
771 4566 848 4627 item
873 4566 913 4627 de
947 4566 1089 4648 predicta
1113 4566 1206 4627 vines
1242 4579 1316 4628 ante
1352 4565 1646 4626 vindemiacionem

384 4670 618 4752 quinquaginta
636 4671 784 4733 denarios
808 4672 942 4753 singulis
966 4672 1058 4733 annis
1075 4673 1178 4751 nobis,
1203 4671 1323 4734 scilicet
1348 4671 1572 4734 communitati
1597 4656 1649 4732 vel

384 4777 556 4837 comitibus
573 4777 687 4838 nostris
704 4777 827 4839 solvere
845 4778 1016 4856 tenebitur,
1034 4793 1191 4860 eruntque
1209 4778 1362 4861 obligati;
1380 4778 1440 4840 hoc
1463 4792 1571 4840 tamen
1595 4797 1646 4839 ex·

382 4902 501 4963 presso,
527 4883 614 4964 quod
640 4883 725 4945 idem
753 4885 916 4946 Emericus
948 4898 979 4947 et
1002 4886 1051 4946 sui
1084 4885 1216 4947 heredes
1248 4884 1334 4946 idern
1369 4884 1592 4959 molendinum
1617 4897 1647 4944 et

387 5001 485 5049 terras
509 5009 545 5050 ac
568 4990 694 5051 vineam
731 4991 972 5052 condicionales
1001 5013 1018 5054 a
1051 4991 1278 5074 jurisdictione
1303 4992 1386 5053 dicte
1411 4991 1548 5054 civitatis
1572 4991 1647 5052 alie-
