3832 5804
569 1593 697 1690 (Anno
726 1592 883 1682 Domini
909 1593 1180 1697 montotto.)

252 1931 340 2007 ltem
366 1933 400 2006 in
420 1955 514 2008 anno
531 1931 675 2007 Domini
705 1931 892 2008 millesimo
913 1931 1268 2031 quadringentesimo
1286 1932 1518 2032 sexagesimo

253 2055 382 2154 primo,
419 2063 585 2155 tempore
620 2053 801 2153 judicatus
840 2055 950 2130 Blasii
988 2054 1048 2130 filii
1086 2053 1240 2154 Georgii
1281 2055 1519 2156 Ztoymylych

252 2178 412 2254 moderni
440 2177 598 2277 (judicis)
627 2180 783 2255 civitatis
822 2187 1025 2278 prenotate,
1054 2201 1204 2278 presens
1244 2180 1432 2254 laternum
1461 2186 1520 2254 est

252 2300 384 2376 lactum
414 2303 570 2378 sabbato
600 2303 763 2403 proximo
792 2310 877 2378 ante
915 2302 1048 2378 festum
1077 2297 1345 2378 Purificacionis
1371 2303 1518 2400 virginis

251 2425 428 2524 gloriose,
456 2450 547 2501 nunc
585 2427 748 2525 proxime
789 2435 994 2514 venturum,
1033 2449 1142 2526 super
1178 2426 1443 2524 registracione
1481 2435 1520 2502 et

252 2550 535 2649 consignacione
573 2550 755 2626 literarum
801 2549 1070 2650 privilegialium
1109 2551 1235 2624 civium
1270 2556 1308 2624 et
1345 2549 1517 2625 inhabita-

297 2681 415 2748 torum
449 2674 605 2748 ciuitatis
635 2681 826 2772 prenotate
855 2674 963 2776 modo
993 2683 1032 2749 et
1068 2673 1192 2748 ordine
1221 2672 1468 2774 infrascriptis.

761 2896 822 2962 (31.
836 2887 1001 2961 januarii).

359 3006 434 3068 ltem
461 3005 595 3089 prouida
627 3006 743 3068 mulier
775 3006 952 3089 Elyzabetb
986 3020 1098 3068 uocata
1124 3007 1235 3068 relicta
1269 3005 1405 3068 condam
1432 3006 1516 3069 lwan

251 3112 379 3194 Poyeya
400 3111 476 3172 dicti
494 3113 573 3174 olim
594 3113 735 3174 concivis
753 3114 850 3175 nostri
869 3111 927 3174 filii
946 3113 1096 3192 Emerici,
1121 3111 1283 3194 quandam
1309 3112 1435 3174 vineam
1461 3132 1517 3193 per

253 3217 392 3279 eundem
417 3218 678 3296 condamlwun,
701 3219 906 3280 medietatem
932 3218 1082 3280 videlicet
1110 3218 1253 3280 eiusdem
1279 3217 1375 3278 vendi
1401 3231 1431 3279 et
1455 3237 1513 3300 pro

253 3324 359 3385 anima
385 3325 501 3406 exponi
528 3338 559 3386 et
582 3325 678 3387 aliam
704 3325 909 3386 medietatem
936 3324 1080 3386 eiusdem
1098 3324 1204 3386 eidem
1229 3323 1406 3408 Elyzabeth
1423 3337 1518 3386 testa·

254 3431 435 3493 mentaliter
459 3431 595 3512 legasset
619 3450 675 3513 per
699 3431 834 3492 eandem
860 3429 1100 3512 possidendam,
1130 3431 1161 3490 in
1186 3430 1348 3491 territorio
1373 3429 1516 3491 eiusdem

253 3535 388 3598 civitatis
412 3556 448 3598 ac
473 3537 555 3598 inter
580 3537 707 3598 vineam
734 3536 867 3618 Georgii
893 3537 1025 3597 cultoris
1041 3534 1099 3596 filii
1125 3535 1264 3596 Emerici
1290 3535 1329 3594 de
1355 3535 1517 3617 Ztubycza

253 3655 284 3704 et
309 3641 437 3704 Thome
462 3643 501 3703 de
528 3641 638 3704 Blatha
673 3641 870 3725 Gordynych
902 3642 978 3702 dicti
1010 3641 1151 3702 concivis
1183 3640 1281 3701 nostri
1319 3639 1459 3701 habitam
1487 3655 1517 3700 et

252 3747 451 3827 existentem,
484 3749 716 3829 quamquidem
749 3750 876 3809 vineam
910 3748 950 3808 de
981 3747 1128 3828 superius
1159 3745 1298 3827 quedam
1331 3747 1425 3807 arbor
1458 3745 1516 3826 piri

251 3853 351 3935 vulgo
383 3855 521 3916 macaria
553 3867 663 3916 vocata
696 3868 726 3915 et
758 3854 820 3914 alie
852 3853 980 3914 arbores
1017 3872 1078 3913 una
1111 3852 1212 3912 cerosi
1245 3871 1281 3912 ac
1313 3851 1454 3912 secunda
1487 3864 1517 3910 et

254 3959 350 4020 tercia
373 3959 472 4040 glogh
499 3974 679 4041 nuncupate
705 3960 842 4020 exterius
874 3973 960 4020 extra
994 3959 1074 4019 uites
1098 3958 1129 4019 in
1164 3957 1304 4036 virgulto
1330 3956 1436 4018 habite
1459 3975 1516 4038 pro

255 4049 338 4126 meta
363 4065 468 4128 eidem
492 4066 643 4148 deputate
667 4087 684 4127 a
708 4066 800 4128 vinea
826 4064 901 4126 dicti
936 4064 1067 4146 Georgii
1093 4064 1234 4143 cultoris,
1260 4063 1396 4146 desuper
1420 4083 1436 4124 a
1462 4063 1512 4124 via

253 4171 419 4232 communi
443 4172 629 4254 recipiendo
654 4171 734 4233 inira
767 4191 868 4254 usque
900 4171 1039 4233 rivulum
1072 4190 1210 4232 unacum
1244 4171 1384 4251 virgulto
1409 4170 1514 4232 eidem

254 4275 429 4357 subjacenti
447 4297 480 4338 se
497 4279 733 4357 extendentem,
750 4278 956 4340 medietatem
974 4277 1141 4339 Anthonio
1159 4275 1298 4357 agricole
1317 4274 1515 4358 Damianych

251 4380 337 4444 dicto
356 4382 395 4443 de
412 4383 596 4466 Ztubbycza
620 4404 678 4467 pro
702 4403 756 4445 sex
773 4385 880 4466 pensis
904 4384 1110 4446 denariorum
1134 4383 1380 4484 wyepnensium
1405 4381 1515 4443 vendi·

254 4487 360 4567 disset,
378 4501 410 4550 et
425 4489 521 4550 aliam
546 4490 752 4552 medietatem
770 4491 914 4552 eiusdem
931 4491 1024 4552 vinee
1038 4490 1097 4550 sibi
1116 4490 1252 4569 legatam
1271 4489 1384 4550 eadem
1403 4488 1518 4570 Elyza·

165 4577 182 4594 ⁵
254 4593 327 4655 beth
352 4592 476 4676 prefato
501 4595 667 4658 Anthonio
692 4596 893 4679 propinasset
915 4609 1081 4677 tamquam
1103 4592 1171 4656 filio
1196 4613 1255 4654 suo
1280 4593 1434 4675 adoptivo
1459 4591 1515 4653 tali

257 4698 367 4778 mod0‚
391 4699 479 4781 quod
504 4701 572 4782 ipse
597 4700 732 4762 eandem
756 4716 901 4784 tempore
918 4701 981 4763 vite
1005 4720 1062 4762 sue
1087 4701 1173 4762 bono
1206 4699 1305 4761 modo
1330 4717 1518 4760 conservare

251 4804 426 4869 tenebitur.

283 4949 286 4955 ·
359 4911 436 4973 ltem
463 4911 639 4993 Gregorius
656 4925 687 4973 et
711 4912 899 4974 Franciscus
916 4911 974 4974 filii
999 4911 1136 4974 condam
1155 4910 1235 4994 Elye
1260 4910 1414 4972 institoris
1438 4909 1518 4971 olim

251 5014 357 5096 jurati,
381 5019 523 5080 concivis
548 5019 658 5098 nostri,
692 5019 908 5081 vendiderunt
940 5018 1106 5100 quoddam
1139 5016 1237 5079 fenile
1269 5037 1305 5079 ac
1330 5029 1393 5078 tres
1417 5015 1519 5078 dietas
