3840 5810
392 562 408 604 2
940 543 1139 619 Anu01441.

390 757 482 838 jurati
508 756 669 817 mediante
694 756 830 816 decursu
856 775 895 815 an
920 768 1028 816 meatu
1053 773 1136 836 aque
1162 752 1322 835 pluvialis,
1346 771 1383 812 ac
1407 751 1489 812 inter
1513 751 1651 814 eundem

390 863 559 924 decursum
585 882 624 922 an
651 876 792 924 meatum
818 881 900 942 aque
918 861 1069 943 pluvialis
1090 880 1108 922 a
1133 859 1313 921 meridione
1341 858 1485 919 habitum
1511 857 1603 918 sitam
1622 871 1652 918 et

391 969 590 1047 existentem,
616 969 794 1050 desupera
827 968 878 1028 via
911 967 1077 1028 communi
1109 969 1149 1027 ab
1174 965 1340 1027 occidente
1373 964 1479 1026 habita
1515 977 1547 1026 et
1571 962 1651 1024 infra

392 1093 491 1155 usque
509 1074 660 1154 rivulum,
677 1074 773 1135 simul
798 1093 872 1135 cum
897 1074 1037 1154 virgulto
1064 1073 1168 1133 eidem
1194 1073 1286 1133 vinee
1311 1071 1370 1132 sub
1395 1085 1425 1131 et
1441 1069 1599 1150 adjacenti
1619 1089 1654 1131 ac

391 1199 463 1240 cum
489 1179 615 1240 stabulo
640 1193 671 1242 et
696 1179 829 1257 concha,
854 1199 912 1241 nec
937 1198 1002 1240 non
1026 1177 1145 1261 (h)orto
1164 1178 1268 1240 eidem
1294 1177 1387 1239 vinee
1416 1175 1654 1258 subjacentibus

391 1307 423 1347 se
449 1285 685 1364 extendentem,
717 1287 757 1347 ab
781 1287 869 1346 omni
903 1287 1031 1368 penitus
1064 1305 1161 1347 censu
1193 1285 1272 1346 sexti
1305 1284 1414 1345 eubuli
1439 1283 1567 1365 penitus
1591 1283 1653 1344 erti-

391 1391 510 1453 mendo
546 1390 669 1473 prelato
694 1391 830 1454 Nicolao
854 1392 952 1473 judici
978 1412 1036 1474 pro
1061 1392 1200 1474 quadam
1226 1405 1307 1454 tetta
1337 1411 1394 1452 sua
1418 1390 1530 1450 arabili
1556 1390 1652 1451 trium

390 1499 548 1560 dieterum
574 1499 606 1560 in
640 1519 754 1581 campo
787 1500 870 1560 dicte
903 1500 1039 1562 civitatis
1071 1499 1153 1562 inter
1177 1513 1275 1560 terras
1307 1499 1483 1559 liberorum
1515 1497 1654 1558 condam

390 1605 519 1666 Tbome
545 1604 692 1666 Oczwirlt
718 1619 748 1666 et
774 1606 886 1667 Briccii
905 1605 997 1686 jurati
1023 1605 1080 1667 filii
1110 1605 1265 1668 lobannis
1289 1625 1324 1666 ac
1348 1618 1465 1666 terram
1491 1604 1653 1666 colendini

390 1711 659 1773 confraternitatis
692 1711 1008 1790 Theuthonicorum,
1040 1733 1098 1774 nec
1128 1733 1192 1774 non
1225 1712 1311 1794 juxta
1336 1712 1421 1773 viam
1447 1729 1653 1772 communem

390 1833 421 1880 et
445 1817 610 1899 quoddam
635 1817 788 1880 fossatum
823 1817 940 1897 habita,
971 1839 1035 1900 que
1068 1820 1126 1901 ipsi
1153 1818 1301 1900 hospitali
1336 1832 1446 1879 nostro
1488 1816 1654 1878 communi

391 1924 463 1985 loco
482 1923 581 2005 ipsius
597 1924 690 1986 vinee
713 1938 744 1986 et
768 1944 882 1986 census
905 1927 984 1987 sexti
1009 1925 1117 1986 eubuli
1139 1925 1284 2007 predicti,
1309 1924 1368 2006 ipsi
1394 1923 1530 1984 Nicolao
1555 1921 1653 2003 judici

389 2049 517 2110 semper
541 2030 694 2092 ammodo
720 2031 860 2092 inantea
885 2031 1027 2112 relaxati,
1053 2032 1084 2092 itt
1109 2051 1203 2092 evum
1221 2031 1375 2092 servitura
1393 2029 1581 2106 remanebit,
1599 2047 1654 2110 per

391 2136 525 2198 modum
550 2137 801 2216 permutationis
825 2151 855 2198 et
880 2138 1059 2199 concambii
1079 2137 1168 2198 dedit
1190 2151 1346 2219 perpetuo
1371 2134 1598 2218 possidendam
1624 2147 1654 2194 et

389 2241 561 2324 superinde
579 2240 677 2323 (sunt)
694 2257 760 2304 tam
779 2243 838 2324 ipsi
856 2243 992 2305 Nicolao
1009 2243 1106 2324 judici
1124 2263 1219 2326 super
1236 2243 1303 2324 ipsa
1328 2242 1421 2302 vinea
1437 2241 1527 2302 totali
1545 2239 1652 2321 bospi-

389 2348 456 2426 tali‚
469 2367 566 2430 quam
580 2349 665 2410 dicto
680 2349 829 2431 hospitali
843 2369 938 2432 super
951 2351 1019 2432 ipsa
1036 2365 1118 2411 tetra
1135 2351 1247 2412 arabili
1261 2351 1357 2412 trium
1372 2349 1528 2410 dictarum
1543 2346 1650 2428 singil-

390 2455 480 2515 latim
505 2455 596 2515 litere
620 2455 836 2537 privilegiales
859 2459 918 2518 sub
936 2457 1089 2538 pendenti
1114 2457 1221 2537 sigillo
1239 2456 1479 2518 communitatis
1496 2468 1652 2516 emanate.

495 2560 571 2622 ltem
598 2561 659 2621 due
684 2563 777 2624 vinee
803 2563 931 2646 Matbye
958 2563 1146 2647 Pykuthich‚
1172 2584 1234 2625 una
1263 2564 1348 2626 culta
1372 2577 1403 2624 et
1427 2563 1491 2625 aiia
1515 2563 1649 2640 deserta,

389 2685 451 2747 que
476 2667 575 2748 ipsius
599 2667 772 2730 literatorie
797 2668 990 2750 prefuerant,
1015 2671 1047 2731 in
1072 2671 1232 2732 territorio
1264 2671 1400 2734 civitatis
1424 2669 1567 2752 predicte
1594 2669 1647 2730 ba·

392 2773 467 2852 bite,
492 2794 548 2856 per
572 2773 712 2854 judicem
737 2789 768 2837 et
791 2775 911 2858 juratos
936 2777 1072 2839 civitatis
1094 2798 1129 2840 ac
1153 2792 1253 2839 totam
1279 2779 1543 2840 communitatem
1569 2777 1651 2836 eius-

388 2879 461 2940 dem
480 2881 615 2942 civitatis
632 2899 727 2963 super
743 2901 824 2964 quos
841 2883 954 2945 eedem
969 2884 1061 2946 vinee
1077 2885 1139 2946 due
1157 2898 1287 2967 propter
1304 2883 1385 2946 lacta
1404 2884 1502 2966 ipsius
1523 2883 1651 2966 Matbye

389 2985 567 3067 Pykutbicb
593 2988 756 3070 nepharia,
790 3003 1007 3072 propterque
1039 2990 1126 3052 idem
1157 2990 1303 3073 Mathyas
1335 2990 1513 3073 Pykutbich
1540 2989 1572 3050 in
1597 2991 1652 3050 lta·

390 3107 516 3154 ternum
550 3107 694 3154 nostrum
727 3115 900 3157 commune
932 3096 1019 3156 aliud
1052 3110 1098 3158 est
1129 3097 1335 3179 proscriptus,
1367 3111 1457 3158 erant
1490 3095 1651 3174 deuolute,

390 3213 463 3259 sunt
480 3198 609 3260 vendite
627 3199 776 3261 Michaeli
791 3201 890 3262 sutori
908 3200 976 3262 filio
995 3203 1083 3262 Pauli
1102 3222 1160 3284 pro
1177 3217 1262 3265 certa
1280 3204 1507 3286 peccuniarum
1526 3202 1649 3284 quanti·

389 3318 452 3366 tate
488 3319 518 3366 et
541 3307 712 3387 superinde
736 3321 782 3368 est
806 3309 895 3369 litera
921 3309 1129 3390 privilegialis
1160 3311 1219 3371 sub
1245 3310 1396 3392 pendenti
1429 3309 1536 3391 sigillo
1561 3327 1648 3369 com·

390 3425 555 3472 munitatis
579 3427 735 3476 emanata.

495 3517 569 3578 ltem
596 3539 632 3578 ex
656 3519 822 3600 legacione
847 3522 1084 3583 testamentaria
1110 3522 1222 3584 Briccii
1248 3521 1363 3604 judicis
1387 3521 1443 3583 filii
1471 3520 1646 3598 benedicti,

389 3636 524 3703 utraque
546 3623 662 3685 domus
687 3625 785 3706 ipsius
804 3627 916 3687 Briccii
942 3627 1066 3708 judicis,
1091 3641 1155 3688 tam
1173 3641 1296 3690 murata
1314 3647 1410 3709 quam
1437 3627 1554 3708 lignea,
1571 3645 1648 3706 qua·

388 3749 458 3789 rum
484 3749 546 3790 una
571 3731 708 3792 condam
734 3731 889 3793 Johannis
913 3732 1027 3812 judicis
1055 3733 1201 3814 Hungari
1226 3733 1282 3794 lilii
1309 3733 1399 3795 Pauli
1424 3747 1455 3794 et
1478 3733 1541 3794 alia
1570 3751 1647 3792 con-

388 3835 461 3896 dam
494 3837 625 3898 domine
658 3836 780 3899 Cecilie
822 3837 1023 3920 prefuerant,
1055 3859 1152 3920 quam
1189 3854 1357 3921 utramque
1391 3839 1524 3900 domum
1557 3839 1642 3900 idem

390 3942 528 4003 Briccius
553 3943 648 4022 judex
673 3947 771 4024 probe
798 3945 929 4007 domine
955 3946 1155 4026 Margaretbe
1180 3961 1331 4028 protunc
1357 3947 1447 4007 uxori
1471 3966 1526 4007 sue
1551 3945 1645 4026 legit·

386 4048 462 4108 time
479 4051 742 4111 testamentaliter
759 4052 887 4133 legavit,
913 4053 1017 4114 eidem
1037 4053 1168 4114 domine
1197 4052 1397 4134 Margarethe
1422 4067 1469 4115 est
1492 4054 1550 4113 sub
1571 4072 1647 4134 pen-

386 4154 471 4216 denti
498 4155 605 4235 sigillo
629 4158 870 4219 communitatis
893 4158 1136 4240 privilegialiter
1160 4157 1357 4221 confirmata.

492 4261 568 4322 Item
594 4282 630 4322 ex
656 4263 822 4342 legacione
840 4265 1075 4326 testamentaria
1101 4264 1214 4346 prefati
1235 4265 1347 4326 Briccii
1372 4263 1488 4346 judicis
1512 4261 1567 4324 lilii
1588 4263 1646 4323 Be·

386 4365 514 4443 nedicti‚
540 4367 678 4447 quedam
706 4369 797 4430 vinea
817 4371 924 4432 totalis
949 4371 1049 4452 ipsius
1072 4372 1184 4432 Briccii
1202 4372 1317 4453 judicis
1334 4371 1365 4432 in
1391 4369 1550 4431 territorio
1569 4369 1646 4429 civi-

384 4471 456 4533 tatis
480 4487 566 4533 extra
591 4476 716 4536 Novam
741 4491 867 4558 portam
900 4479 1044 4540 eiusdem
1078 4478 1223 4556 civitatis,
1258 4492 1340 4539 retro
1365 4477 1532 4538 ecclesiam
1558 4475 1643 4537 beati

385 4577 515 4660 Georgii
544 4582 691 4660 martiris,
716 4583 798 4644 inter
822 4585 931 4646 vineas
956 4585 1131 4647 liberorum
1164 4584 1301 4645 condam
1327 4583 1450 4665 Gaspar
1476 4582 1602 4658 literati,
1628 4601 1645 4642 a

384 4685 573 4766 meridione,
599 4703 629 4748 et
652 4689 828 4752 liberorum
854 4692 990 4752 condam
1010 4691 1160 4774 Stephani
1187 4693 1337 4773 pincerne
1362 4690 1481 4767 habita,
1506 4689 1642 4770 desuper

384 4810 398 4848 a
426 4791 474 4852 via
500 4795 676 4870 communi,
702 4795 782 4856 infra
809 4817 909 4878 usque
934 4798 1029 4859 aliam
1053 4799 1135 4859 viam
1169 4817 1376 4860 communem
1401 4818 1433 4858 se
1458 4796 1643 4874 extendens,

384 4895 514 4958 domine
549 4901 747 4980 Margarethe
781 4904 922 4983 predicte
954 4905 1062 4965 relicte
1096 4904 1194 4985 ipsius
1228 4904 1338 4965 briccii
1365 4903 1478 4984 judicis
1514 4916 1560 4963 est
1584 4903 1643 4962 sub

383 5003 533 5081 pendenti
560 5007 667 5085 sigillo
692 5011 932 5070 communitatis
957 5011 1197 5090 privilegialiter
1222 5009 1419 5071 confirmata.
