<?xml version="1.0" encoding="UTF-8"?>
<!DOCTYPE html PUBLIC "-//W3C//DTD XHTML 1.0 Transitional//EN"
    "http://www.w3.org/TR/xhtml1/DTD/xhtml1-transitional.dtd">
<html xmlns="http://www.w3.org/1999/xhtml" xml:lang="en" lang="en">
 <head>
  <title>
</title>
<meta http-equiv="Content-Type" content="text/html;charset=utf-8" />
  <meta name='ocr-system' content='tesseract 3.04.00' />
  <meta name='ocr-capabilities' content='ocr_page ocr_carea ocr_par ocr_line ocrx_word'/>
</head>
<body>
  <div class='ocr_page' id='page_1' title='image "./monumentahistor21laszgoog_0188.png"; bbox 0 0 3832 5804; ppageno 0'>
   <div class='ocr_carea' id='block_1_1' title="bbox 388 973 1651 1270">
    <p class='ocr_par' dir='ltr' id='par_1_1' title="bbox 388 973 1651 1270">
     <span class='ocr_line' id='line_1_1' title="bbox 388 973 1651 1060; baseline 0.001 -24"><span class='ocrx_word' id='word_1_1' title='bbox 388 995 485 1058; x_wconf 87' lang='lat' dir='ltr'>quam</span> <span class='ocrx_word' id='word_1_2' title='bbox 511 990 655 1058; x_wconf 89' lang='lat' dir='ltr'>tempore</span> <span class='ocrx_word' id='word_1_3' title='bbox 680 973 804 1037; x_wconf 82' lang='lat' dir='ltr'>auferre</span> <span class='ocrx_word' id='word_1_4' title='bbox 829 996 887 1037; x_wconf 94' lang='lat' dir='ltr'>nec</span> <span class='ocrx_word' id='word_1_5' title='bbox 911 977 1069 1055; x_wconf 91' lang='lat' dir='ltr'>alienare,</span> <span class='ocrx_word' id='word_1_6' title='bbox 1102 996 1207 1058; x_wconf 90' lang='lat' dir='ltr'>neque</span> <span class='ocrx_word' id='word_1_7' title='bbox 1240 979 1378 1040; x_wconf 87' lang='lat' dir='ltr'>eximere</span> <span class='ocrx_word' id='word_1_8' title='bbox 1403 979 1527 1060; x_wconf 88' lang='lat' dir='ltr'>possint</span> <span class='ocrx_word' id='word_1_9' title='bbox 1550 977 1651 1039; x_wconf 89' lang='lat' dir='ltr'>modo</span> 
     </span>
     <span class='ocr_line' id='line_1_2' title="bbox 388 1082 532 1164; baseline 0 -20"><span class='ocrx_word' id='word_1_10' title='bbox 388 1082 532 1164; x_wconf 83' lang='lat' dir='ltr'>aliquali.</span> 
     </span>
     <span class='ocr_line' id='line_1_3' title="bbox 730 1177 1309 1270; baseline -0.003 -19"><span class='ocrx_word' id='word_1_11' title='bbox 730 1177 827 1251; x_wconf 83' lang='lat' dir='ltr'>leria</span> <span class='ocrx_word' id='word_1_12' title='bbox 855 1189 954 1250; x_wconf 86' lang='lat' dir='ltr'>sexta</span> <span class='ocrx_word' id='word_1_13' title='bbox 983 1189 1063 1252; x_wconf 86' lang='lat' dir='ltr'>ante</span> <span class='ocrx_word' id='word_1_14' title='bbox 1093 1180 1309 1270; x_wconf 81' lang='lat' dir='ltr'>Rogaeiones.</span> 
     </span>
    </p>
   </div>
   <div class='ocr_carea' id='block_1_2' title="bbox 936 1314 1121 1390">
    <p class='ocr_par' dir='ltr' id='par_1_2' title="bbox 936 1314 1121 1390">
     <span class='ocr_line' id='line_1_4' title="bbox 936 1314 1121 1390; baseline 0.022 -17"><span class='ocrx_word' id='word_1_15' title='bbox 936 1319 999 1390; x_wconf 83' lang='lat'><em>(12.</em></span> <span class='ocrx_word' id='word_1_16' title='bbox 1022 1314 1121 1390; x_wconf 66' lang='lat' dir='ltr'>mair).</span> 
     </span>
    </p>
   </div>
   <div class='ocr_carea' id='block_1_3' title="bbox 385 1436 1654 3121">
    <p class='ocr_par' dir='ltr' id='par_1_3' title="bbox 385 1436 1654 3121">
     <span class='ocr_line' id='line_1_5' title="bbox 492 1436 1652 1521; baseline -0.002 -21"><span class='ocrx_word' id='word_1_17' title='bbox 492 1438 569 1500; x_wconf 87' lang='lat' dir='ltr'>Item</span> <span class='ocrx_word' id='word_1_18' title='bbox 595 1438 761 1521; x_wconf 80' lang='lat' dir='ltr'><strong>quoddam</strong></span> <span class='ocrx_word' id='word_1_19' title='bbox 779 1436 876 1500; x_wconf 82' lang='lat' dir='ltr'>fenile</span> <span class='ocrx_word' id='word_1_20' title='bbox 894 1439 1135 1501; x_wconf 86' lang='lat' dir='ltr'>communitatis</span> <span class='ocrx_word' id='word_1_21' title='bbox 1152 1439 1183 1500; x_wconf 95' lang='lat' dir='ltr'>in</span> <span class='ocrx_word' id='word_1_22' title='bbox 1203 1439 1364 1501; x_wconf 90' lang='lat' dir='ltr'>territorio</span> <span class='ocrx_word' id='word_1_23' title='bbox 1389 1452 1420 1500; x_wconf 93' lang='lat' dir='ltr'>et</span> <span class='ocrx_word' id='word_1_24' title='bbox 1443 1457 1557 1520; x_wconf 89' lang='lat' dir='ltr'>campo</span> <span class='ocrx_word' id='word_1_25' title='bbox 1574 1438 1652 1498; x_wconf 90' lang='lat' dir='ltr'>civi-</span> 
     </span>
     <span class='ocr_line' id='line_1_6' title="bbox 387 1543 1651 1627; baseline -0.001 -21"><span class='ocrx_word' id='word_1_26' title='bbox 387 1545 461 1607; x_wconf 90' lang='lat' dir='ltr'>tatis</span> <span class='ocrx_word' id='word_1_27' title='bbox 485 1546 627 1627; x_wconf 88' lang='lat' dir='ltr'>predicte</span> <span class='ocrx_word' id='word_1_28' title='bbox 652 1545 733 1606; x_wconf 90' lang='lat' dir='ltr'>inter</span> <span class='ocrx_word' id='word_1_29' title='bbox 756 1557 787 1605; x_wconf 93' lang='lat' dir='ltr'>et</span> <span class='ocrx_word' id='word_1_30' title='bbox 811 1563 909 1626; x_wconf 90' lang='lat' dir='ltr'>penes</span> <span class='ocrx_word' id='word_1_31' title='bbox 940 1558 1057 1606; x_wconf 91' lang='lat' dir='ltr'>terram</span> <span class='ocrx_word' id='word_1_32' title='bbox 1089 1564 1146 1606; x_wconf 91' lang='lat' dir='ltr'>seu</span> <span class='ocrx_word' id='word_1_33' title='bbox 1171 1543 1268 1609; x_wconf 84' lang='lat' dir='ltr'>fenile</span> <span class='ocrx_word' id='word_1_34' title='bbox 1300 1546 1476 1607; x_wconf 91' lang='lat' dir='ltr'>liberorum</span> <span class='ocrx_word' id='word_1_35' title='bbox 1501 1564 1556 1606; x_wconf 91' lang='lat' dir='ltr'>seu</span> <span class='ocrx_word' id='word_1_36' title='bbox 1581 1563 1651 1605; x_wconf 92' lang='lat' dir='ltr'>suc·</span> 
     </span>
     <span class='ocr_line' id='line_1_7' title="bbox 388 1650 1652 1736; baseline -0.003 -22"><span class='ocrx_word' id='word_1_37' title='bbox 388 1671 550 1714; x_wconf 89' lang='lat' dir='ltr'>cessurum</span> <span class='ocrx_word' id='word_1_38' title='bbox 576 1651 713 1713; x_wconf 88' lang='lat' dir='ltr'>condam</span> <span class='ocrx_word' id='word_1_39' title='bbox 739 1650 880 1732; x_wconf 85' lang='lat' dir='ltr'>magistri</span> <span class='ocrx_word' id='word_1_40' title='bbox 900 1651 1054 1732; x_wconf 81' lang='lat' dir='ltr'>Stephani</span> <span class='ocrx_word' id='word_1_41' title='bbox 1079 1651 1154 1713; x_wconf 91' lang='lat' dir='ltr'>dicti</span> <span class='ocrx_word' id='word_1_42' title='bbox 1173 1652 1339 1736; x_wconf 89' lang='lat' dir='ltr'>Rakarych</span> <span class='ocrx_word' id='word_1_43' title='bbox 1364 1651 1442 1714; x_wconf 91' lang='lat' dir='ltr'>olim</span> <span class='ocrx_word' id='word_1_44' title='bbox 1469 1651 1561 1731; x_wconf 86' lang='lat' dir='ltr'>jurati</span> <span class='ocrx_word' id='word_1_45' title='bbox 1593 1669 1652 1710; x_wconf 93' lang='lat' dir='ltr'>no-</span> 
     </span>
     <span class='ocr_line' id='line_1_8' title="bbox 387 1755 1650 1840; baseline -0.002 -20"><span class='ocrx_word' id='word_1_46' title='bbox 387 1759 458 1820; x_wconf 90' lang='lat' dir='ltr'>tarii</span> <span class='ocrx_word' id='word_1_47' title='bbox 483 1773 514 1820; x_wconf 94' lang='lat' dir='ltr'>et</span> <span class='ocrx_word' id='word_1_48' title='bbox 538 1757 680 1820; x_wconf 87' lang='lat' dir='ltr'>concivis</span> <span class='ocrx_word' id='word_1_49' title='bbox 706 1758 805 1818; x_wconf 86' lang='lat' dir='ltr'>nostri</span> <span class='ocrx_word' id='word_1_50' title='bbox 830 1755 887 1818; x_wconf 85' lang='lat' dir='ltr'>lilii</span> <span class='ocrx_word' id='word_1_51' title='bbox 921 1757 1067 1835; x_wconf 87' lang='lat' dir='ltr'>Pauli,a</span> <span class='ocrx_word' id='word_1_52' title='bbox 1098 1758 1338 1840; x_wconf 86' lang='lat' dir='ltr'>septemtrione,</span> <span class='ocrx_word' id='word_1_53' title='bbox 1370 1779 1406 1820; x_wconf 87' lang='lat' dir='ltr'>ac</span> <span class='ocrx_word' id='word_1_54' title='bbox 1430 1759 1512 1820; x_wconf 90' lang='lat' dir='ltr'>inter</span> <span class='ocrx_word' id='word_1_55' title='bbox 1534 1771 1650 1819; x_wconf 91' lang='lat' dir='ltr'>terram</span> 
     </span>
     <span class='ocr_line' id='line_1_9' title="bbox 388 1862 1652 1945; baseline -0.002 -19"><span class='ocrx_word' id='word_1_56' title='bbox 388 1877 495 1926; x_wconf 91' lang='lat' dir='ltr'>nostre</span> <span class='ocrx_word' id='word_1_57' title='bbox 520 1863 770 1942; x_wconf 84' lang='lat' dir='ltr'>communitatis,</span> <span class='ocrx_word' id='word_1_58' title='bbox 795 1882 943 1925; x_wconf 89' lang='lat' dir='ltr'>necnon</span> <span class='ocrx_word' id='word_1_59' title='bbox 974 1863 1057 1924; x_wconf 91' lang='lat' dir='ltr'>inter</span> <span class='ocrx_word' id='word_1_60' title='bbox 1088 1863 1172 1924; x_wconf 88' lang='lat' dir='ltr'>viam</span> <span class='ocrx_word' id='word_1_61' title='bbox 1206 1883 1412 1926; x_wconf 92' lang='lat' dir='ltr'>communem</span> <span class='ocrx_word' id='word_1_62' title='bbox 1437 1881 1586 1945; x_wconf 81' lang='lat' dir='ltr'>magnam</span> <span class='ocrx_word' id='word_1_63' title='bbox 1610 1862 1652 1924; x_wconf 85' lang='lat' dir='ltr'>ab</span> 
     </span>
     <span class='ocr_line' id='line_1_10' title="bbox 388 1967 1652 2048; baseline -0.003 -16"><span class='ocrx_word' id='word_1_64' title='bbox 388 1971 522 2048; x_wconf 91' lang='lat' dir='ltr'>oriente,</span> <span class='ocrx_word' id='word_1_65' title='bbox 547 1981 578 2032; x_wconf 94' lang='lat' dir='ltr'>et</span> <span class='ocrx_word' id='word_1_66' title='bbox 602 1969 685 2031; x_wconf 91' lang='lat' dir='ltr'>inter</span> <span class='ocrx_word' id='word_1_67' title='bbox 708 1982 807 2031; x_wconf 88' lang='lat' dir='ltr'>terras</span> <span class='ocrx_word' id='word_1_68' title='bbox 829 1988 886 2030; x_wconf 88' lang='lat' dir='ltr'>seu</span> <span class='ocrx_word' id='word_1_69' title='bbox 911 1967 1021 2031; x_wconf 77' lang='lat' dir='ltr'>senilia</span> <span class='ocrx_word' id='word_1_70' title='bbox 1039 1983 1162 2030; x_wconf 88' lang='lat' dir='ltr'>nostras</span> <span class='ocrx_word' id='word_1_71' title='bbox 1185 1989 1242 2032; x_wconf 91' lang='lat' dir='ltr'>seu</span> <span class='ocrx_word' id='word_1_72' title='bbox 1259 1984 1366 2032; x_wconf 89' lang='lat' dir='ltr'>nostra</span> <span class='ocrx_word' id='word_1_73' title='bbox 1390 1987 1579 2032; x_wconf 88' lang='lat' dir='ltr'>communes</span> <span class='ocrx_word' id='word_1_74' title='bbox 1595 1987 1652 2028; x_wconf 92' lang='lat' dir='ltr'>seu</span> 
     </span>
     <span class='ocr_line' id='line_1_11' title="bbox 390 2074 1654 2158; baseline -0.004 -19"><span class='ocrx_word' id='word_1_75' title='bbox 390 2076 576 2139; x_wconf 90' lang='lat' dir='ltr'>communia</span> <span class='ocrx_word' id='word_1_76' title='bbox 600 2095 618 2137; x_wconf 91' lang='lat' dir='ltr'>a</span> <span class='ocrx_word' id='word_1_77' title='bbox 643 2074 847 2138; x_wconf 83' lang='lat' dir='ltr'>meridionali</span> <span class='ocrx_word' id='word_1_78' title='bbox 880 2089 911 2137; x_wconf 91' lang='lat' dir='ltr'>et</span> <span class='ocrx_word' id='word_1_79' title='bbox 942 2076 1134 2138; x_wconf 88' lang='lat' dir='ltr'>occidentali</span> <span class='ocrx_word' id='word_1_80' title='bbox 1166 2077 1310 2158; x_wconf 90' lang='lat' dir='ltr'>partibus</span> <span class='ocrx_word' id='word_1_81' title='bbox 1341 2077 1426 2156; x_wconf 88' lang='lat' dir='ltr'>sitas,</span> <span class='ocrx_word' id='word_1_82' title='bbox 1451 2075 1595 2136; x_wconf 88' lang='lat' dir='ltr'>habitum</span> <span class='ocrx_word' id='word_1_83' title='bbox 1620 2087 1654 2134; x_wconf 91' lang='lat' dir='ltr'>et</span> 
     </span>
     <span class='ocr_line' id='line_1_12' title="bbox 387 2181 1652 2266; baseline -0.003 -20"><span class='ocrx_word' id='word_1_84' title='bbox 387 2185 536 2263; x_wconf 84' lang='lat' dir='ltr'>existens,</span> <span class='ocrx_word' id='word_1_85' title='bbox 561 2181 650 2266; x_wconf 89' lang='lat' dir='ltr'>quod</span> <span class='ocrx_word' id='word_1_86' title='bbox 676 2181 853 2264; x_wconf 85' lang='lat' dir='ltr'>Gregorius</span> <span class='ocrx_word' id='word_1_87' title='bbox 870 2183 1088 2266; x_wconf 89' lang='lat' dir='ltr'>Wrecharych</span> <span class='ocrx_word' id='word_1_88' title='bbox 1113 2184 1346 2244; x_wconf 90' lang='lat' dir='ltr'>acommunite</span> <span class='ocrx_word' id='word_1_89' title='bbox 1364 2202 1465 2266; x_wconf 87' lang='lat' dir='ltr'>usque</span> <span class='ocrx_word' id='word_1_90' title='bbox 1491 2201 1575 2244; x_wconf 91' lang='lat' dir='ltr'>nunc</span> <span class='ocrx_word' id='word_1_91' title='bbox 1591 2182 1652 2242; x_wconf 90' lang='lat' dir='ltr'>sub</span> 
     </span>
     <span class='ocr_line' id='line_1_13' title="bbox 388 2287 1652 2371; baseline -0.003 -19"><span class='ocrx_word' id='word_1_92' title='bbox 388 2310 486 2353; x_wconf 89' lang='lat' dir='ltr'>censu</span> <span class='ocrx_word' id='word_1_93' title='bbox 510 2291 589 2352; x_wconf 90' lang='lat' dir='ltr'>sexti</span> <span class='ocrx_word' id='word_1_94' title='bbox 615 2304 725 2352; x_wconf 88' lang='lat' dir='ltr'>currus</span> <span class='ocrx_word' id='word_1_95' title='bbox 749 2287 815 2351; x_wconf 90' lang='lat' dir='ltr'>ieni</span> <span class='ocrx_word' id='word_1_96' title='bbox 840 2309 941 2371; x_wconf 91' lang='lat' dir='ltr'>usque</span> <span class='ocrx_word' id='word_1_97' title='bbox 966 2309 1051 2352; x_wconf 89' lang='lat' dir='ltr'>nunc</span> <span class='ocrx_word' id='word_1_98' title='bbox 1076 2289 1180 2352; x_wconf 87' lang='lat' dir='ltr'>tenuit</span> <span class='ocrx_word' id='word_1_99' title='bbox 1204 2303 1236 2351; x_wconf 90' lang='lat' dir='ltr'>et</span> <span class='ocrx_word' id='word_1_100' title='bbox 1259 2288 1411 2371; x_wconf 91' lang='lat' dir='ltr'>possedit,</span> <span class='ocrx_word' id='word_1_101' title='bbox 1435 2288 1570 2350; x_wconf 93' lang='lat' dir='ltr'>domino</span> <span class='ocrx_word' id='word_1_102' title='bbox 1595 2287 1652 2349; x_wconf 92' lang='lat' dir='ltr'>Se-</span> 
     </span>
     <span class='ocr_line' id='line_1_14' title="bbox 388 2395 1653 2481; baseline -0.003 -21"><span class='ocrx_word' id='word_1_103' title='bbox 388 2398 488 2461; x_wconf 93' lang='lat' dir='ltr'>boldo</span> <span class='ocrx_word' id='word_1_104' title='bbox 514 2399 625 2481; x_wconf 89' lang='lat' dir='ltr'>Mayar</span> <span class='ocrx_word' id='word_1_105' title='bbox 649 2397 818 2480; x_wconf 88' lang='lat' dir='ltr'>capitaneo</span> <span class='ocrx_word' id='word_1_106' title='bbox 842 2411 952 2460; x_wconf 89' lang='lat' dir='ltr'>nostro</span> <span class='ocrx_word' id='word_1_107' title='bbox 977 2397 1135 2459; x_wconf 92' lang='lat' dir='ltr'>moderno</span> <span class='ocrx_word' id='word_1_108' title='bbox 1159 2417 1195 2459; x_wconf 91' lang='lat' dir='ltr'>ac</span> <span class='ocrx_word' id='word_1_109' title='bbox 1220 2417 1277 2479; x_wconf 91' lang='lat' dir='ltr'>per</span> <span class='ocrx_word' id='word_1_110' title='bbox 1293 2416 1368 2458; x_wconf 89' lang='lat' dir='ltr'>eum</span> <span class='ocrx_word' id='word_1_111' title='bbox 1392 2396 1457 2458; x_wconf 88' lang='lat' dir='ltr'>suis</span> <span class='ocrx_word' id='word_1_112' title='bbox 1481 2395 1653 2457; x_wconf 90' lang='lat' dir='ltr'>heredibus</span> 
     </span>
     <span class='ocr_line' id='line_1_15' title="bbox 387 2501 1651 2586; baseline -0.003 -20"><span class='ocrx_word' id='word_1_113' title='bbox 387 2523 443 2586; x_wconf 93' lang='lat' dir='ltr'>per</span> <span class='ocrx_word' id='word_1_114' title='bbox 467 2505 636 2566; x_wconf 87' lang='lat' dir='ltr'>instantem</span> <span class='ocrx_word' id='word_1_115' title='bbox 664 2504 763 2586; x_wconf 89' lang='lat' dir='ltr'>ipsius</span> <span class='ocrx_word' id='word_1_116' title='bbox 787 2503 982 2585; x_wconf 88' lang='lat' dir='ltr'>peticionem</span> <span class='ocrx_word' id='word_1_117' title='bbox 1015 2516 1160 2586; x_wconf 90' lang='lat' dir='ltr'>respectu</span> <span class='ocrx_word' id='word_1_118' title='bbox 1192 2501 1420 2564; x_wconf 83' lang='lat' dir='ltr'>beneficiorum</span> <span class='ocrx_word' id='word_1_119' title='bbox 1447 2516 1477 2564; x_wconf 96' lang='lat' dir='ltr'>et</span> <span class='ocrx_word' id='word_1_120' title='bbox 1500 2501 1651 2562; x_wconf 88' lang='lat' dir='ltr'>servicio·</span> 
     </span>
     <span class='ocr_line' id='line_1_16' title="bbox 386 2607 1648 2672; baseline -0.003 0"><span class='ocrx_word' id='word_1_121' title='bbox 386 2629 458 2672; x_wconf 90' lang='lat' dir='ltr'>rum</span> <span class='ocrx_word' id='word_1_122' title='bbox 482 2629 614 2672; x_wconf 88' lang='lat' dir='ltr'>suorum</span> <span class='ocrx_word' id='word_1_123' title='bbox 639 2611 679 2672; x_wconf 91' lang='lat' dir='ltr'>ab</span> <span class='ocrx_word' id='word_1_124' title='bbox 704 2609 793 2672; x_wconf 92' lang='lat' dir='ltr'>omni</span> <span class='ocrx_word' id='word_1_125' title='bbox 818 2630 916 2671; x_wconf 90' lang='lat' dir='ltr'>censu</span> <span class='ocrx_word' id='word_1_126' title='bbox 945 2611 1110 2672; x_wconf 91' lang='lat' dir='ltr'>communi</span> <span class='ocrx_word' id='word_1_127' title='bbox 1135 2610 1214 2672; x_wconf 87' lang='lat' dir='ltr'>sexti</span> <span class='ocrx_word' id='word_1_128' title='bbox 1246 2629 1357 2671; x_wconf 91' lang='lat' dir='ltr'>currus</span> <span class='ocrx_word' id='word_1_129' title='bbox 1381 2607 1446 2670; x_wconf 86' lang='lat' dir='ltr'>feni</span> <span class='ocrx_word' id='word_1_130' title='bbox 1471 2608 1591 2670; x_wconf 92' lang='lat' dir='ltr'>amodo</span> <span class='ocrx_word' id='word_1_131' title='bbox 1616 2621 1648 2668; x_wconf 92' lang='lat' dir='ltr'>et</span> 
     </span>
     <span class='ocr_line' id='line_1_17' title="bbox 386 2715 1647 2799; baseline -0.003 -21"><span class='ocrx_word' id='word_1_132' title='bbox 386 2717 538 2799; x_wconf 90' lang='lat' dir='ltr'>deinceps</span> <span class='ocrx_word' id='word_1_133' title='bbox 561 2737 597 2778; x_wconf 91' lang='lat' dir='ltr'>ac</span> <span class='ocrx_word' id='word_1_134' title='bbox 622 2716 654 2777; x_wconf 92' lang='lat' dir='ltr'>in</span> <span class='ocrx_word' id='word_1_135' title='bbox 679 2729 869 2798; x_wconf 89' lang='lat' dir='ltr'>perpetuum</span> <span class='ocrx_word' id='word_1_136' title='bbox 887 2717 1075 2796; x_wconf 88' lang='lat' dir='ltr'>exemimus,</span> <span class='ocrx_word' id='word_1_137' title='bbox 1099 2717 1284 2798; x_wconf 86' lang='lat' dir='ltr'>excepimus</span> <span class='ocrx_word' id='word_1_138' title='bbox 1308 2731 1339 2778; x_wconf 91' lang='lat' dir='ltr'>et</span> <span class='ocrx_word' id='word_1_139' title='bbox 1362 2715 1590 2777; x_wconf 89' lang='lat' dir='ltr'>eliberavimus</span> <span class='ocrx_word' id='word_1_140' title='bbox 1615 2728 1647 2774; x_wconf 91' lang='lat' dir='ltr'>et</span> 
     </span>
     <span class='ocr_line' id='line_1_18' title="bbox 385 2820 1649 2906; baseline -0.004 -20"><span class='ocrx_word' id='word_1_141' title='bbox 385 2824 486 2886; x_wconf 90' lang='lat' dir='ltr'>literis</span> <span class='ocrx_word' id='word_1_142' title='bbox 521 2823 638 2886; x_wconf 89' lang='lat' dir='ltr'>nostris</span> <span class='ocrx_word' id='word_1_143' title='bbox 670 2823 925 2906; x_wconf 85' lang='lat' dir='ltr'>privilegialibus</span> <span class='ocrx_word' id='word_1_144' title='bbox 960 2822 1221 2885; x_wconf 86' lang='lat' dir='ltr'>confirmavimus</span> <span class='ocrx_word' id='word_1_145' title='bbox 1257 2825 1315 2884; x_wconf 88' lang='lat' dir='ltr'>sub</span> <span class='ocrx_word' id='word_1_146' title='bbox 1352 2823 1504 2905; x_wconf 88' lang='lat' dir='ltr'>pendenti</span> <span class='ocrx_word' id='word_1_147' title='bbox 1540 2820 1649 2903; x_wconf 82' lang='lat' dir='ltr'>sigillo</span> 
     </span>
     <span class='ocr_line' id='line_1_19' title="bbox 386 2927 1651 3013; baseline -0.003 -21"><span class='ocrx_word' id='word_1_148' title='bbox 386 2943 496 2993; x_wconf 89' lang='lat' dir='ltr'>nostro</span> <span class='ocrx_word' id='word_1_149' title='bbox 513 2931 678 2993; x_wconf 89' lang='lat' dir='ltr'>communi</span> <span class='ocrx_word' id='word_1_150' title='bbox 694 2944 852 3013; x_wconf 87' lang='lat' dir='ltr'>perpetuo</span> <span class='ocrx_word' id='word_1_151' title='bbox 876 2929 1107 3012; x_wconf 89' lang='lat' dir='ltr'>possidendum</span> <span class='ocrx_word' id='word_1_152' title='bbox 1134 2944 1165 2992; x_wconf 95' lang='lat' dir='ltr'>et</span> <span class='ocrx_word' id='word_1_153' title='bbox 1183 2929 1492 3012; x_wconf 88' lang='lat' dir='ltr'>quomodocumque</span> <span class='ocrx_word' id='word_1_154' title='bbox 1509 2927 1651 2990; x_wconf 87' lang='lat' dir='ltr'>voluerit</span> 
     </span>
     <span class='ocr_line' id='line_1_20' title="bbox 387 3035 636 3121; baseline 0 -23"><span class='ocrx_word' id='word_1_155' title='bbox 387 3035 636 3121; x_wconf 89' lang='lat' dir='ltr'>disponendum.</span> 
     </span>
    </p>
   </div>
   <div class='ocr_carea' id='block_1_4' title="bbox 390 3201 1650 4503">
    <p class='ocr_par' dir='ltr' id='par_1_4' title="bbox 491 3201 1568 3420">
     <span class='ocr_line' id='line_1_21' title="bbox 491 3201 1568 3296; baseline -0.003 -18"><span class='ocrx_word' id='word_1_156' title='bbox 491 3205 573 3278; x_wconf 82' lang='lat' dir='ltr'>lietu</span> <span class='ocrx_word' id='word_1_157' title='bbox 602 3207 637 3276; x_wconf 91' lang='lat' dir='ltr'>in</span> <span class='ocrx_word' id='word_1_158' title='bbox 664 3205 750 3276; x_wconf 84' lang='lat' dir='ltr'>festo</span> <span class='ocrx_word' id='word_1_159' title='bbox 778 3201 1014 3296; x_wconf 79' lang='lat' dir='ltr'>Apparicionis</span> <span class='ocrx_word' id='word_1_160' title='bbox 1043 3205 1133 3277; x_wconf 88' lang='lat' dir='ltr'>beati</span> <span class='ocrx_word' id='word_1_161' title='bbox 1162 3205 1336 3278; x_wconf 79' lang='lat' dir='ltr'>Michaelis</span> <span class='ocrx_word' id='word_1_162' title='bbox 1365 3203 1568 3294; x_wconf 81' lang='lat' dir='ltr'>archangeli.</span> 
     </span>
     <span class='ocr_line' id='line_1_22' title="bbox 926 3335 1105 3420; baseline 0.022 -21"><span class='ocrx_word' id='word_1_163' title='bbox 926 3335 973 3420; x_wconf 80' lang='lat'>(8.</span> <span class='ocrx_word' id='word_1_164' title='bbox 1008 3340 1105 3415; x_wconf 81' lang='lat' dir='ltr'>maii).</span> 
     </span>
    </p>

    <p class='ocr_par' dir='ltr' id='par_1_5' title="bbox 390 3461 1650 4503">
     <span class='ocr_line' id='line_1_23' title="bbox 495 3461 1650 3546; baseline -0.003 -20"><span class='ocrx_word' id='word_1_165' title='bbox 495 3465 573 3528; x_wconf 89' lang='lat' dir='ltr'>Item</span> <span class='ocrx_word' id='word_1_166' title='bbox 598 3462 782 3525; x_wconf 86' lang='lat' dir='ltr'>Anthonius</span> <span class='ocrx_word' id='word_1_167' title='bbox 815 3461 903 3526; x_wconf 82' lang='lat' dir='ltr'>faber</span> <span class='ocrx_word' id='word_1_168' title='bbox 934 3461 1019 3525; x_wconf 87' lang='lat' dir='ltr'>filius</span> <span class='ocrx_word' id='word_1_169' title='bbox 1051 3463 1148 3526; x_wconf 91' lang='lat' dir='ltr'>Blasii</span> <span class='ocrx_word' id='word_1_170' title='bbox 1173 3463 1314 3526; x_wconf 89' lang='lat' dir='ltr'>concivis</span> <span class='ocrx_word' id='word_1_171' title='bbox 1345 3477 1462 3544; x_wconf 88' lang='lat' dir='ltr'>noster,</span> <span class='ocrx_word' id='word_1_172' title='bbox 1494 3462 1650 3546; x_wconf 89' lang='lat' dir='ltr'>quasdam</span> 
     </span>
     <span class='ocr_line' id='line_1_24' title="bbox 392 3569 1650 3652; baseline -0.004 -17"><span class='ocrx_word' id='word_1_173' title='bbox 392 3573 507 3636; x_wconf 90' lang='lat' dir='ltr'>totales</span> <span class='ocrx_word' id='word_1_174' title='bbox 522 3585 621 3634; x_wconf 88' lang='lat' dir='ltr'>terras</span> <span class='ocrx_word' id='word_1_175' title='bbox 637 3591 710 3632; x_wconf 89' lang='lat' dir='ltr'>suas</span> <span class='ocrx_word' id='word_1_176' title='bbox 726 3571 862 3633; x_wconf 88' lang='lat' dir='ltr'>arabiles</span> <span class='ocrx_word' id='word_1_177' title='bbox 879 3591 950 3633; x_wconf 92' lang='lat' dir='ltr'>cum</span> <span class='ocrx_word' id='word_1_178' title='bbox 969 3571 1122 3634; x_wconf 87' lang='lat' dir='ltr'>fenilibus</span> <span class='ocrx_word' id='word_1_179' title='bbox 1139 3570 1260 3633; x_wconf 88' lang='lat' dir='ltr'>eisdem</span> <span class='ocrx_word' id='word_1_180' title='bbox 1279 3569 1468 3652; x_wconf 85' lang='lat' dir='ltr'>conjunctis,</span> <span class='ocrx_word' id='word_1_181' title='bbox 1485 3570 1517 3630; x_wconf 91' lang='lat' dir='ltr'>in</span> <span class='ocrx_word' id='word_1_182' title='bbox 1535 3588 1650 3650; x_wconf 91' lang='lat' dir='ltr'>campo</span> 
     </span>
     <span class='ocr_line' id='line_1_25' title="bbox 391 3675 1650 3760; baseline -0.006 -19"><span class='ocrx_word' id='word_1_183' title='bbox 391 3693 421 3742; x_wconf 93' lang='lat' dir='ltr'>et</span> <span class='ocrx_word' id='word_1_184' title='bbox 443 3678 604 3741; x_wconf 91' lang='lat' dir='ltr'>territorio</span> <span class='ocrx_word' id='word_1_185' title='bbox 629 3691 737 3740; x_wconf 90' lang='lat' dir='ltr'>nostro</span> <span class='ocrx_word' id='word_1_186' title='bbox 762 3697 818 3739; x_wconf 89' lang='lat' dir='ltr'>seu</span> <span class='ocrx_word' id='word_1_187' title='bbox 855 3678 992 3739; x_wconf 87' lang='lat' dir='ltr'>civitatis</span> <span class='ocrx_word' id='word_1_188' title='bbox 1015 3678 1158 3760; x_wconf 89' lang='lat' dir='ltr'>predicte</span> <span class='ocrx_word' id='word_1_189' title='bbox 1186 3678 1269 3738; x_wconf 88' lang='lat' dir='ltr'>inter</span> <span class='ocrx_word' id='word_1_190' title='bbox 1292 3677 1374 3738; x_wconf 91' lang='lat' dir='ltr'>duos</span> <span class='ocrx_word' id='word_1_191' title='bbox 1398 3675 1523 3755; x_wconf 88' lang='lat' dir='ltr'>fluvios,</span> <span class='ocrx_word' id='word_1_192' title='bbox 1549 3693 1650 3735; x_wconf 92' lang='lat' dir='ltr'>unum</span> 
     </span>
     <span class='ocr_line' id='line_1_26' title="bbox 391 3781 1650 3868; baseline -0.004 -22"><span class='ocrx_word' id='word_1_193' title='bbox 391 3785 672 3868; x_wconf 89' lang='lat' dir='ltr'>Kalinowycza,a</span> <span class='ocrx_word' id='word_1_194' title='bbox 704 3783 943 3865; x_wconf 89' lang='lat' dir='ltr'>septemtrione,</span> <span class='ocrx_word' id='word_1_195' title='bbox 977 3797 1007 3844; x_wconf 94' lang='lat' dir='ltr'>et</span> <span class='ocrx_word' id='word_1_196' title='bbox 1038 3784 1137 3845; x_wconf 93' lang='lat' dir='ltr'>aliurn</span> <span class='ocrx_word' id='word_1_197' title='bbox 1167 3803 1185 3846; x_wconf 88' lang='lat' dir='ltr'>a</span> <span class='ocrx_word' id='word_1_198' title='bbox 1216 3782 1395 3845; x_wconf 88' lang='lat' dir='ltr'>meridione</span> <span class='ocrx_word' id='word_1_199' title='bbox 1427 3781 1650 3866; x_wconf 88' lang='lat' dir='ltr'>Zerbechycha</span> 
     </span>
     <span class='ocr_line' id='line_1_27' title="bbox 390 3887 1650 3970; baseline -0.004 -18"><span class='ocrx_word' id='word_1_200' title='bbox 390 3905 551 3968; x_wconf 89' lang='lat' dir='ltr'>vocatum,</span> <span class='ocrx_word' id='word_1_201' title='bbox 575 3909 611 3950; x_wconf 90' lang='lat' dir='ltr'>ac</span> <span class='ocrx_word' id='word_1_202' title='bbox 635 3890 717 3951; x_wconf 91' lang='lat' dir='ltr'>iuter</span> <span class='ocrx_word' id='word_1_203' title='bbox 741 3889 820 3951; x_wconf 87' lang='lat' dir='ltr'>duas</span> <span class='ocrx_word' id='word_1_204' title='bbox 844 3889 911 3950; x_wconf 89' lang='lat' dir='ltr'>vias</span> <span class='ocrx_word' id='word_1_205' title='bbox 942 3909 1075 3970; x_wconf 82' lang='lat' dir='ltr'>magnas</span> <span class='ocrx_word' id='word_1_206' title='bbox 1106 3909 1305 3968; x_wconf 86' lang='lat' dir='ltr'>communes,</span> <span class='ocrx_word' id='word_1_207' title='bbox 1341 3909 1439 3952; x_wconf 90' lang='lat' dir='ltr'>unam</span> <span class='ocrx_word' id='word_1_208' title='bbox 1463 3890 1503 3950; x_wconf 86' lang='lat' dir='ltr'>ab</span> <span class='ocrx_word' id='word_1_209' title='bbox 1528 3887 1650 3949; x_wconf 89' lang='lat' dir='ltr'>oriente</span> 
     </span>
     <span class='ocr_line' id='line_1_28' title="bbox 391 3994 1649 4076; baseline -0.003 -18"><span class='ocrx_word' id='word_1_210' title='bbox 391 4011 421 4058; x_wconf 91' lang='lat' dir='ltr'>et</span> <span class='ocrx_word' id='word_1_211' title='bbox 444 3997 539 4057; x_wconf 92' lang='lat' dir='ltr'>aliam</span> <span class='ocrx_word' id='word_1_212' title='bbox 565 3996 604 4057; x_wconf 92' lang='lat' dir='ltr'>ab</span> <span class='ocrx_word' id='word_1_213' title='bbox 627 3995 792 4057; x_wconf 90' lang='lat' dir='ltr'>occidente</span> <span class='ocrx_word' id='word_1_214' title='bbox 817 3994 951 4074; x_wconf 91' lang='lat' dir='ltr'>habitas,</span> <span class='ocrx_word' id='word_1_215' title='bbox 984 3996 1059 4057; x_wconf 89' lang='lat' dir='ltr'>sitas</span> <span class='ocrx_word' id='word_1_216' title='bbox 1083 4009 1114 4056; x_wconf 91' lang='lat' dir='ltr'>et</span> <span class='ocrx_word' id='word_1_217' title='bbox 1145 3997 1325 4074; x_wconf 84' lang='lat' dir='ltr'>existentes,</span> <span class='ocrx_word' id='word_1_218' title='bbox 1357 3995 1469 4076; x_wconf 84' lang='lat' dir='ltr'>viginti</span> <span class='ocrx_word' id='word_1_219' title='bbox 1495 3994 1546 4056; x_wconf 87' lang='lat' dir='ltr'>vel</span> <span class='ocrx_word' id='word_1_220' title='bbox 1571 3994 1649 4055; x_wconf 90' lang='lat' dir='ltr'>citra</span> 
     </span>
     <span class='ocr_line' id='line_1_29' title="bbox 390 4101 1648 4183; baseline -0.002 -19"><span class='ocrx_word' id='word_1_221' title='bbox 390 4103 491 4164; x_wconf 89' lang='lat' dir='ltr'>dietas</span> <span class='ocrx_word' id='word_1_222' title='bbox 515 4102 547 4163; x_wconf 90' lang='lat' dir='ltr'>in</span> <span class='ocrx_word' id='word_1_223' title='bbox 570 4121 604 4162; x_wconf 90' lang='lat' dir='ltr'>se</span> <span class='ocrx_word' id='word_1_224' title='bbox 628 4101 837 4180; x_wconf 90' lang='lat' dir='ltr'>continentes,</span> <span class='ocrx_word' id='word_1_225' title='bbox 861 4121 934 4163; x_wconf 93' lang='lat' dir='ltr'>cum</span> <span class='ocrx_word' id='word_1_226' title='bbox 965 4103 1031 4162; x_wconf 90' lang='lat' dir='ltr'>suis</span> <span class='ocrx_word' id='word_1_227' title='bbox 1063 4102 1253 4164; x_wconf 88' lang='lat' dir='ltr'>utilitatibus</span> <span class='ocrx_word' id='word_1_228' title='bbox 1285 4117 1316 4164; x_wconf 93' lang='lat' dir='ltr'>et</span> <span class='ocrx_word' id='word_1_229' title='bbox 1347 4102 1554 4183; x_wconf 88' lang='lat' dir='ltr'>pertinenciis</span> <span class='ocrx_word' id='word_1_230' title='bbox 1577 4101 1648 4162; x_wconf 92' lang='lat' dir='ltr'>uni·</span> 
     </span>
     <span class='ocr_line' id='line_1_30' title="bbox 390 4206 1646 4292; baseline -0.002 -22"><span class='ocrx_word' id='word_1_231' title='bbox 390 4209 488 4270; x_wconf 92' lang='lat' dir='ltr'>versis</span> <span class='ocrx_word' id='word_1_232' title='bbox 504 4209 624 4270; x_wconf 87' lang='lat' dir='ltr'>lacobo</span> <span class='ocrx_word' id='word_1_233' title='bbox 639 4207 801 4290; x_wconf 81' lang='lat' dir='ltr'>Eberspelt</span> <span class='ocrx_word' id='word_1_234' title='bbox 825 4206 892 4270; x_wconf 88' lang='lat' dir='ltr'>filio</span> <span class='ocrx_word' id='word_1_235' title='bbox 906 4207 1003 4269; x_wconf 91' lang='lat' dir='ltr'>Vlrici</span> <span class='ocrx_word' id='word_1_236' title='bbox 1022 4207 1119 4288; x_wconf 91' lang='lat' dir='ltr'>judici</span> <span class='ocrx_word' id='word_1_237' title='bbox 1139 4223 1248 4270; x_wconf 89' lang='lat' dir='ltr'>nostro</span> <span class='ocrx_word' id='word_1_238' title='bbox 1266 4209 1423 4270; x_wconf 91' lang='lat' dir='ltr'>moderno</span> <span class='ocrx_word' id='word_1_239' title='bbox 1448 4227 1506 4292; x_wconf 92' lang='lat' dir='ltr'>pro</span> <span class='ocrx_word' id='word_1_240' title='bbox 1530 4207 1646 4287; x_wconf 87' lang='lat' dir='ltr'>viginti</span> 
     </span>
     <span class='ocr_line' id='line_1_31' title="bbox 390 4312 1649 4398; baseline -0.004 -20"><span class='ocrx_word' id='word_1_241' title='bbox 390 4315 518 4378; x_wconf 88' lang='lat' dir='ltr'>duobus</span> <span class='ocrx_word' id='word_1_242' title='bbox 527 4334 599 4377; x_wconf 92' lang='lat' dir='ltr'>cum</span> <span class='ocrx_word' id='word_1_243' title='bbox 614 4314 722 4376; x_wconf 92' lang='lat' dir='ltr'>medio</span> <span class='ocrx_word' id='word_1_244' title='bbox 732 4313 801 4378; x_wconf 89' lang='lat' dir='ltr'>flor.</span> <span class='ocrx_word' id='word_1_245' title='bbox 812 4315 880 4375; x_wconf 91' lang='lat' dir='ltr'>auri</span> <span class='ocrx_word' id='word_1_246' title='bbox 890 4315 1035 4376; x_wconf 89' lang='lat' dir='ltr'>vendidit</span> <span class='ocrx_word' id='word_1_247' title='bbox 1044 4328 1199 4396; x_wconf 89' lang='lat' dir='ltr'>perpetuo</span> <span class='ocrx_word' id='word_1_248' title='bbox 1214 4314 1423 4398; x_wconf 84' lang='lat' dir='ltr'>possidendas</span> <span class='ocrx_word' id='word_1_249' title='bbox 1437 4329 1468 4376; x_wconf 89' lang='lat' dir='ltr'>et</span> <span class='ocrx_word' id='word_1_250' title='bbox 1477 4312 1649 4396; x_wconf 89' lang='lat' dir='ltr'>superinde</span> 
     </span>
     <span class='ocr_line' id='line_1_32' title="bbox 390 4419 1649 4503; baseline -0.001 -20"><span class='ocrx_word' id='word_1_251' title='bbox 390 4421 451 4484; x_wconf 90' lang='lat' dir='ltr'>sibi</span> <span class='ocrx_word' id='word_1_252' title='bbox 476 4435 521 4484; x_wconf 87' lang='lat' dir='ltr'>est</span> <span class='ocrx_word' id='word_1_253' title='bbox 545 4421 636 4484; x_wconf 91' lang='lat' dir='ltr'>litera</span> <span class='ocrx_word' id='word_1_254' title='bbox 652 4422 711 4482; x_wconf 88' lang='lat' dir='ltr'>sub</span> <span class='ocrx_word' id='word_1_255' title='bbox 727 4421 882 4503; x_wconf 89' lang='lat' dir='ltr'>pendenti</span> <span class='ocrx_word' id='word_1_256' title='bbox 899 4420 1007 4500; x_wconf 83' lang='lat' dir='ltr'>sigillo</span> <span class='ocrx_word' id='word_1_257' title='bbox 1025 4422 1265 4483; x_wconf 89' lang='lat' dir='ltr'>communitatis</span> <span class='ocrx_word' id='word_1_258' title='bbox 1281 4419 1427 4483; x_wconf 85' lang='lat' dir='ltr'>coniecta</span> <span class='ocrx_word' id='word_1_259' title='bbox 1446 4435 1477 4484; x_wconf 90' lang='lat' dir='ltr'>et</span> <span class='ocrx_word' id='word_1_260' title='bbox 1493 4433 1649 4482; x_wconf 88' lang='lat' dir='ltr'>emanata.</span> 
     </span>
    </p>
   </div>
   <div class='ocr_carea' id='block_1_5' title="bbox 328 4589 1624 4928">
    <p class='ocr_par' dir='ltr' id='par_1_6' title="bbox 328 4589 1624 4928">
     <span class='ocr_line' id='line_1_33' title="bbox 328 4589 1624 4680; baseline 0 -18"><span class='ocrx_word' id='word_1_261' title='bbox 328 4613 334 4626; x_wconf 69' lang='lat'><em>¹</em></span> <span class='ocrx_word' id='word_1_262' title='bbox 418 4590 501 4662; x_wconf 89' lang='lat' dir='ltr'>ltern</span> <span class='ocrx_word' id='word_1_263' title='bbox 529 4590 614 4662; x_wconf 90' lang='lat' dir='ltr'>ieria</span> <span class='ocrx_word' id='word_1_264' title='bbox 643 4599 766 4680; x_wconf 85' lang='lat' dir='ltr'>quarta</span> <span class='ocrx_word' id='word_1_265' title='bbox 803 4589 957 4680; x_wconf 84' lang='lat' dir='ltr'>proxima</span> <span class='ocrx_word' id='word_1_266' title='bbox 986 4600 1064 4662; x_wconf 92' lang='lat' dir='ltr'>ante</span> <span class='ocrx_word' id='word_1_267' title='bbox 1093 4591 1216 4662; x_wconf 89' lang='lat' dir='ltr'>iestum</span> <span class='ocrx_word' id='word_1_268' title='bbox 1244 4589 1500 4666; x_wconf 88' lang='lat' dir='ltr'>Purificacionis</span> <span class='ocrx_word' id='word_1_269' title='bbox 1528 4591 1624 4662; x_wconf 83' lang='lat' dir='ltr'>beate</span> 
     </span>
     <span class='ocr_line' id='line_1_34' title="bbox 800 4713 1245 4804; baseline 0 -18"><span class='ocrx_word' id='word_1_270' title='bbox 800 4735 932 4804; x_wconf 87' lang='lat' dir='ltr'>seraper</span> <span class='ocrx_word' id='word_1_271' title='bbox 960 4713 1101 4804; x_wconf 81' lang='lat' dir='ltr'>virginis</span> <span class='ocrx_word' id='word_1_272' title='bbox 1130 4716 1245 4787; x_wconf 81' lang='lat' dir='ltr'>llario.</span> 
     </span>
     <span class='ocr_line' id='line_1_35' title="bbox 809 4852 1258 4928; baseline 0.007 -21"><span class='ocrx_word' id='word_1_273' title='bbox 809 4863 869 4927; x_wconf 77' lang='lat'><em>(31.</em></span> <span class='ocrx_word' id='word_1_274' title='bbox 886 4852 1037 4926; x_wconf 81' lang='lat' dir='ltr'>januarii,</span> <span class='ocrx_word' id='word_1_275' title='bbox 1060 4871 1129 4910; x_wconf 83' lang='lat' dir='ltr'>ann.</span> <span class='ocrx_word' id='word_1_276' title='bbox 1154 4853 1258 4928; x_wconf 73' lang='lat'><em>1453).</em></span> 
     </span>
    </p>
   </div>
   <div class='ocr_carea' id='block_1_6' title="bbox 392 4969 1649 5160">
    <p class='ocr_par' dir='ltr' id='par_1_7' title="bbox 392 4969 1649 5160">
     <span class='ocr_line' id='line_1_36' title="bbox 498 4969 1649 5036; baseline 0.001 -5"><span class='ocrx_word' id='word_1_277' title='bbox 498 4969 574 5032; x_wconf 89' lang='lat' dir='ltr'>Item</span> <span class='ocrx_word' id='word_1_278' title='bbox 599 4971 781 5033; x_wconf 84' lang='lat' dir='ltr'>Anthonius</span> <span class='ocrx_word' id='word_1_279' title='bbox 805 4971 893 5034; x_wconf 84' lang='lat' dir='ltr'>faber</span> <span class='ocrx_word' id='word_1_280' title='bbox 918 4972 1002 5034; x_wconf 89' lang='lat' dir='ltr'>filius</span> <span class='ocrx_word' id='word_1_281' title='bbox 1026 4974 1163 5034; x_wconf 88' lang='lat' dir='ltr'>condam</span> <span class='ocrx_word' id='word_1_282' title='bbox 1191 4975 1276 5036; x_wconf 88' lang='lat' dir='ltr'>Luce</span> <span class='ocrx_word' id='word_1_283' title='bbox 1301 4971 1379 5033; x_wconf 86' lang='lat' dir='ltr'>labri</span> <span class='ocrx_word' id='word_1_284' title='bbox 1409 4973 1438 5032; x_wconf 90' lang='lat' dir='ltr'>in</span> <span class='ocrx_word' id='word_1_285' title='bbox 1457 4991 1512 5034; x_wconf 91' lang='lat' dir='ltr'>sua</span> <span class='ocrx_word' id='word_1_286' title='bbox 1539 4987 1568 5032; x_wconf 89' lang='lat' dir='ltr'>et</span> <span class='ocrx_word' id='word_1_287' title='bbox 1587 4972 1649 5033; x_wconf 90' lang='lat' dir='ltr'>Do·</span> 
     </span>
     <span class='ocr_line' id='line_1_37' title="bbox 392 5075 1648 5160; baseline -0.004 -16"><span class='ocrx_word' id='word_1_288' title='bbox 392 5075 502 5144; x_wconf 85' lang='lat' dir='ltr'>minici</span> <span class='ocrx_word' id='word_1_289' title='bbox 521 5091 550 5142; x_wconf 91' lang='lat' dir='ltr'>et</span> <span class='ocrx_word' id='word_1_290' title='bbox 568 5077 733 5144; x_wconf 83' lang='lat' dir='ltr'>Michaelis</span> <span class='ocrx_word' id='word_1_291' title='bbox 749 5077 889 5143; x_wconf 88' lang='lat' dir='ltr'>filiorum</span> <span class='ocrx_word' id='word_1_292' title='bbox 906 5079 1050 5142; x_wconf 91' lang='lat' dir='ltr'>eiusdem</span> <span class='ocrx_word' id='word_1_293' title='bbox 1065 5081 1150 5144; x_wconf 91' lang='lat' dir='ltr'>Luce</span> <span class='ocrx_word' id='word_1_294' title='bbox 1168 5079 1260 5160; x_wconf 89' lang='lat' dir='ltr'>labri,</span> <span class='ocrx_word' id='word_1_295' title='bbox 1279 5078 1411 5144; x_wconf 82' lang='lat' dir='ltr'>fratrum</span> <span class='ocrx_word' id='word_1_296' title='bbox 1426 5097 1502 5140; x_wconf 90' lang='lat' dir='ltr'>vero</span> <span class='ocrx_word' id='word_1_297' title='bbox 1518 5097 1648 5140; x_wconf 87' lang='lat' dir='ltr'>suorum</span> 
     </span>
    </p>
   </div>
   <div class='ocr_carea' id='block_1_7' title="bbox 0 0 1920 5804">
    <p class='ocr_par' dir='ltr' id='par_1_8' title="bbox 0 0 1920 5804">
     <span class='ocr_line' id='line_1_38' title="bbox 0 0 1920 5804; baseline 0 0"><span class='ocrx_word' id='word_1_298' title='bbox 0 0 1920 5804; x_wconf 95' lang='lat' dir='ltr'> </span> 
     </span>
    </p>
   </div>
  </div>
 </body>
</html>
