3816 5802
830 397 917 453 Anno
940 405 1031 472 1450.
1505 415 1563 478 1ยน9

406 607 485 669 ltem
510 607 649 689 quedam
681 605 774 668 vinea
808 606 841 666 in
874 606 1034 668 territorio
1070 607 1206 669 civitatis
1237 606 1380 689 predicte
1413 605 1495 668 inter
1518 606 1564 667 vi-

301 733 392 776 neam
431 713 563 776 domine
589 713 761 776 Scolastice
792 713 885 776 aliter
909 714 1009 776 Zrana
1033 727 1145 776 vocate
1178 714 1288 776 relicte
1321 713 1459 775 condam
1484 712 1563 775 Gre-

299 821 381 902 gorii
406 820 501 902 jurati
525 819 584 882 filii
608 820 786 899 Benedicti,
810 840 866 903 per
901 834 1002 882 metas
1033 834 1190 882 certarum
1223 821 1373 882 arborum
1407 820 1439 881 in
1472 819 1563 882 litera

300 927 493 1009 privilegiali
518 927 690 1010 superinde
723 925 867 990 confecta
900 947 1131 1010 expressarum,
1155 947 1191 990 ac
1223 927 1305 989 inter
1329 927 1460 988 vineam
1485 947 1562 989 con-

299 1033 493 1095 dicionalem
519 1033 696 1095 liberorum
721 1053 778 1096 seu
795 1053 1017 1096 successorum
1034 1034 1171 1096 condam
1187 1033 1353 1096 Michaelis
1378 1032 1562 1096 Corintiani

299 1152 329 1201 et
353 1140 435 1201 inter
459 1139 574 1202 silvam
599 1139 766 1203 Michaelis
792 1139 961 1223 lreoiparis
983 1141 1058 1202 dicti
1085 1140 1240 1224 Bdudych
1258 1159 1314 1224 per
1337 1153 1437 1202 metas
1461 1155 1562 1203 certas

299 1247 447 1308 similiter
472 1246 504 1309 in
528 1247 618 1308 litera
645 1247 837 1329 privilegiali
856 1261 1052 1330 expressatas
1069 1249 1175 1326 sitam,
1195 1247 1331 1328 desuper
1355 1267 1372 1310 a
1397 1249 1447 1310 via
1472 1268 1558 1310 com-

298 1355 387 1415 muni
412 1352 494 1416 infra
517 1373 620 1435 usque
653 1354 748 1416 aliam
780 1355 865 1416 viam
884 1373 1090 1416 communem
1122 1375 1155 1415 se
1186 1354 1371 1434 extendens,
1396 1375 1470 1416 curn
1495 1357 1561 1416 suis

299 1460 490 1522 utilitatibus
514 1475 544 1522 et
568 1461 774 1544 pertinenciis
798 1461 955 1522 universis
979 1461 1152 1523 Valentino
1176 1461 1302 1523 literato
1329 1459 1397 1523 filio
1422 1461 1559 1522 condam

298 1568 383 1630 Petri
408 1567 555 1650 Hungari
579 1567 696 1648 judicis
728 1566 784 1629 filii
810 1567 901 1630 Pauli
933 1568 966 1630 in
997 1569 1185 1650 porcionem
1218 1586 1309 1629 suam
1334 1567 1559 1629 divisionalem

300 1693 337 1736 ex
362 1693 521 1736 consensu
545 1674 637 1736 Pauli
662 1674 803 1756 agricole
832 1673 937 1736 fratris
968 1673 1113 1736 eiusdem
1137 1673 1301 1736 Valentini
1326 1673 1442 1736 literati
1468 1675 1561 1736 cessit

298 1795 453 1862 perpetuo
477 1779 673 1862 possidenda
698 1795 729 1843 et
761 1781 933 1863 superinde
966 1781 1070 1842 eidem
1095 1780 1268 1842 Valentino
1302 1779 1428 1842 literato
1452 1793 1499 1842 est
1522 1780 1560 1841 li-

295 1899 362 1948 tera
385 1887 444 1948 sub
469 1887 623 1970 pendenti
648 1887 756 1969 sigillo
781 1887 1024 1950 communitatis
1048 1899 1205 1948 emanata.

402 1991 480 2054 ltem
504 1993 644 2074 quedam
670 1993 787 2055 domus
818 1994 915 2056 simul
944 2014 1017 2056 cum
1050 1992 1152 2056 fundo
1177 2007 1207 2054 et
1240 1991 1397 2056 hedificiis
1421 1993 1558 2056 condam

299 2098 459 2162 Valentini
484 2098 544 2161 rufi
568 2098 626 2161 filii
651 2100 730 2162 olim
755 2100 847 2162 Pauli
873 2100 913 2162 de
932 2100 1142 2180 Dauidowcz,
1159 2101 1192 2162 in
1217 2099 1302 2161 dicta
1326 2099 1453 2161 civitate
1478 2100 1559 2162 inter

296 2206 412 2268 domos
435 2221 466 2268 et
490 2205 609 2269 fundos
634 2209 718 2271 Petri
743 2208 837 2290 jurati
862 2221 893 2271 et
915 2208 1043 2270 Nicolai
1060 2209 1176 2270 literati
1205 2208 1323 2288 habita,
1348 2208 1488 2270 mediam
1505 2227 1558 2269 cu-

297 2313 378 2374 riam
403 2314 433 2375 in
460 2335 493 2376 se
518 2316 697 2394 continens,
721 2334 781 2398 pro
805 2335 871 2378 non
896 2315 1066 2378 solucione
1090 2330 1234 2378 taxarum
1260 2329 1325 2377 tam
1349 2315 1557 2377 dominorum

296 2433 480 2482 nostrorum
504 2441 600 2504 super
624 2441 683 2484 nos
701 2441 758 2504 pro
776 2435 921 2506 tempore
938 2425 1199 2502 constitutorum,
1229 2443 1325 2505 quam
1352 2422 1556 2484 collectarum

296 2539 476 2588 nostrarum
501 2528 724 2590 communium
744 2544 774 2592 et
798 2530 935 2592 aliorum
954 2531 1137 2593 debitorum
1164 2543 1195 2592 et
1218 2544 1477 2612 opportunorum
1494 2549 1557 2590 ser-

296 2633 452 2695 viciorum
477 2648 662 2696 nostrorum
687 2637 923 2716 communium,
956 2636 1121 2699 Bernardo
1153 2634 1316 2718 lutifigulo
1349 2656 1407 2720 pro
1433 2637 1556 2698 exsolu-

295 2739 387 2802 cione
412 2759 524 2802 eorum
551 2755 597 2804 est
621 2743 862 2825 privilegialiter
887 2743 1074 2805 confirmata
1103 2757 1260 2826 perpetuo
1284 2742 1490 2826 possidenda.

401 2846 479 2909 ltem
504 2849 650 2932 Mathyaa
682 2861 771 2911 sutor
803 2863 834 2912 et
857 2853 966 2932 Agnes
998 2864 1111 2913 vocata
1144 2869 1274 2912 consors
1305 2869 1361 2912 sua
1393 2850 1556 2932 quandam

294 2954 422 3015 vineam
447 2973 559 3016 eorum
584 2956 616 3016 in
642 2957 805 3018 territorio
837 2970 947 3018 nostro
976 2957 1059 3020 inter
1090 2957 1217 3018 vineam
1244 2956 1392 3038 Gregorii
1417 2957 1555 3038 agricole

294 3080 330 3122 ac
363 3060 445 3122 inter
476 3061 604 3124 vineam
637 3063 775 3124 Emerici
808 3063 925 3124 sutoris
957 3063 1050 3145 jurati
1091 3064 1191 3126 nostri
1222 3063 1369 3126 moderni
1402 3063 1555 3142 habitam,

294 3167 402 3229 Blasio
426 3167 530 3248 jurato
554 3167 623 3230 filio
649 3168 802 3252 Stephani
828 3189 886 3252 pro
911 3169 1022 3232 decem
1048 3185 1078 3233 et
1105 3183 1228 3253 septem
1254 3189 1326 3232 curn
1352 3169 1460 3231 medio
1485 3168 1553 3232 flor.

294 3274 361 3334 auri
386 3274 604 3336 vendiderunt
628 3289 784 3358 perpetuo
809 3275 1038 3358 possidendam
1064 3291 1094 3338 et
1117 3276 1291 3358 superinde
1316 3289 1362 3338 est
1385 3275 1477 3338 litera
1495 3278 1554 3337 sub

295 3381 447 3464 pendenti
471 3381 580 3463 sigillo
604 3383 845 3445 communitatis
869 3397 1027 3446 emanata.

400 3489 476 3552 ltem
503 3488 679 3572 Gregorius
710 3489 796 3552 filius
829 3491 992 3553 Valentini
1026 3490 1105 3552 duas
1136 3501 1241 3572 partes
1273 3489 1439 3551 cuiusdam
1471 3503 1553 3552 terre

293 3596 422 3657 arabilis
446 3597 478 3658 in
504 3617 618 3679 campo
645 3597 783 3660 civitatis
809 3597 890 3659 inter
906 3611 1022 3659 terram
1052 3597 1227 3658 liberorum
1253 3616 1309 3658 seu
1333 3616 1553 3659 successorum

292 3703 429 3764 condam
455 3703 579 3764 domini
598 3703 738 3766 Ladislai
763 3725 799 3766 ac
824 3704 907 3765 inter
923 3704 1055 3766 terciam
1074 3717 1197 3785 partem
1215 3703 1358 3765 eiusdem
1371 3716 1454 3765 terre
1472 3705 1553 3764 inter

291 3810 478 3892 porcionem
505 3809 684 3872 Clementis
708 3809 865 3872 carnificis
897 3809 1030 3890 habitas,
1061 3823 1200 3892 quatuor
1232 3811 1332 3872 dietas
1354 3825 1437 3872 terre
1464 3811 1552 3872 inse

292 3917 503 3997 continentes,
528 3917 635 3979 Blasio
660 3918 797 3979 institori
822 3916 890 3978 filio
915 3916 1043 3979 Thorne
1068 3937 1126 4000 pro
1150 3917 1264 3998 viginti
1288 3930 1362 3978 octo
1387 3916 1455 3980 flor.
1481 3917 1549 3978 auri

291 4024 436 4086 vendidit
460 4039 615 4106 perpetuo
640 4025 850 4107 possidendas
874 4039 905 4087 et
929 4024 1102 4106 superinde
1130 4039 1176 4086 est
1201 4024 1290 4086 litera
1313 4025 1372 4086 sub
1397 4023 1550 4106 pendenti

289 4131 398 4213 sigillo
422 4131 664 4193 communitatis
686 4145 843 4193 emanata.

395 4237 473 4300 Item
499 4238 574 4320 quia
599 4239 748 4316 lacobus,
783 4238 954 4316 Fabianus,
980 4239 1125 4300 Andreas
1158 4253 1188 4300 et
1214 4237 1395 4320 Stephanus
1427 4251 1551 4299 sutores

291 4344 452 4425 quandam
477 4344 611 4406 domum
638 4358 796 4407 muratam
821 4345 915 4406 simul
942 4365 1015 4407 cum
1040 4343 1148 4406 lundis
1172 4360 1202 4406 et
1226 4343 1383 4406 hedificiis
1407 4345 1439 4405 in
1465 4345 1549 4406 dicta

290 4449 417 4512 civitate
443 4451 523 4512 inter
549 4451 666 4512 domos
690 4465 720 4512 et
744 4449 862 4512 fundos
886 4473 922 4513 ac
954 4449 1101 4513 hedificia
1135 4452 1274 4513 Emerici
1307 4450 1484 4534 freniparis,
1508 4454 1548 4513 ab

290 4557 467 4637 occidente,
493 4573 523 4620 et
549 4558 677 4619 Thome
703 4557 858 4620 carnificis
882 4559 957 4620 dicti
992 4558 1112 4637 Pedko,
1145 4558 1376 4638 ameridione,
1401 4579 1459 4620 nec
1484 4579 1549 4620 non

290 4666 372 4727 inter
388 4680 451 4726 tres
468 4665 535 4726 vias
551 4686 606 4726 seu
631 4666 752 4747 plateas
776 4685 974 4744 communes,
994 4685 1091 4726 unam
1112 4685 1129 4726 a
1146 4667 1373 4748 septemtrione
1398 4681 1429 4727 et
1452 4667 1548 4728 aliam

290 4773 329 4834 ab
347 4773 469 4834 oriente
486 4786 517 4834 et
533 4772 663 4834 terciam
688 4774 728 4834 ab
746 4772 911 4834 occidente
930 4771 1053 4834 habitas
1069 4773 1163 4834 sitam
1181 4787 1211 4834 et
1228 4773 1426 4852 existentem,
1452 4791 1547 4833 unam

289 4879 445 4960 integram
471 4880 591 4942 curiam
616 4880 656 4942 ad
691 4899 783 4941 usum
816 4879 952 4942 civitatis
984 4877 1106 4962 prefate
1131 4881 1164 4942 in
1188 4899 1221 4943 se
1254 4879 1485 4960 continentem,
1509 4881 1549 4944 ab
