3832 5804
267 654 331 660 ---
340 651 568 660 --........-.—.-—
576 651 1251 660 ———·---.-.—.-.--—.—-........-.—.-
1257 653 1528 660 ...—-——-—

263 758 399 820 condam
426 756 531 839 Gyani
557 755 703 839 pellificis
728 771 759 818 et
784 757 885 818 Marci
903 755 1128 839 Zydotvchych
1154 757 1293 836 habitos,
1319 777 1416 820 unam
1435 778 1529 838 quar·

263 879 327 926 tam
352 864 438 926 curie
462 864 494 925 in
516 884 548 924 se
574 863 786 941 continentes,
804 860 928 945 prefato
947 863 1100 944 magistro
1118 863 1254 924 Nicolao
1273 863 1400 926 medico
1419 865 1529 926 vendi·

263 971 378 1033 derunt
403 983 558 1052 perpetuo
579 968 792 1052 possidendos
809 982 840 1030 et
864 968 1037 1051 superinde
1055 968 1114 1030 sibi
1140 983 1187 1030 est
1204 969 1295 1031 litera
1319 970 1530 1052 privilegialis

263 1078 322 1137 sub
346 1075 499 1158 pendenti
524 1075 632 1156 sigillo
658 1075 900 1136 communitatis
926 1088 1084 1136 emanata.

316 1333 399 1404 ltem
427 1330 459 1402 in
490 1331 575 1403 festo
617 1329 868 1403 Puriheacionis
906 1331 1002 1402 beate
1035 1350 1165 1420 semper
1193 1328 1333 1418 virginis
1363 1329 1475 1402 liaris.

772 1501 813 1579 (2.
830 1501 1002 1577 februarii).

368 1662 445 1724 ltem
470 1661 578 1742 judex,
596 1661 689 1742 jurati
714 1675 745 1724 er
762 1661 902 1723 universi
924 1662 1011 1723 cives
1027 1681 1062 1724 ac
1085 1675 1151 1724 tota
1168 1662 1384 1724 communitas
1409 1663 1528 1726 civium

262 1769 399 1860 civitatis
424 1768 707 1851 Montisgrecensis
731 1768 885 1851 predicte,
909 1768 1071 1850 quandam
1104 1782 1220 1831 terram
1246 1769 1278 1829 in
1311 1788 1425 1852 campo
1450 1769 1527 1831 civi·

262 1876 335 1937 tatis
358 1875 499 1958 predicte
536 1877 618 1937 inter
643 1873 725 1936 duos
752 1874 868 1937 fluvios
893 1895 949 1936 seu
985 1875 1106 1936 rivulos
1131 1874 1219 1936 fluvii
1245 1875 1399 1960 Zawycza
1424 1877 1528 1938 vocati

261 1980 416 2060 habitam,
440 2001 502 2062 que
528 1981 665 2042 condam
691 1981 819 2042 Andree
849 1982 974 2063 Repesa
998 1981 1102 2042 vocati
1136 1980 1206 2061 fuit,
1232 1981 1397 2064 Stephano
1422 1979 1526 2062 jurato

262 2085 330 2148 filio
356 2087 465 2148 Mareu
491 2106 549 2168 pro
574 2086 819 2168 quatuordecim
845 2085 913 2149 flor.
944 2087 1090 2148 vendidit
1113 2100 1270 2170 perpetuo
1295 2086 1524 2169 possidendam

262 2207 293 2256 et
309 2193 482 2276 superinde
507 2209 554 2255 est
567 2194 627 2254 sibi
646 2193 737 2254 litera
754 2194 814 2254 sub
827 2193 981 2275 pendenti
995 2193 1102 2274 sigillo
1117 2193 1358 2255 communitatis
1370 2207 1527 2256 emanata.

367 2318 446 2380 lrem
473 2318 649 2399 Gregorius
674 2317 908 2403 Chesanychyn
927 2318 1090 2400 quandam
1115 2331 1232 2380 terram
1256 2337 1346 2380 suam
1372 2318 1527 2381 arabilem

261 2425 381 2487 ibidem
406 2445 505 2508 penes
528 2425 704 2508 predictam
729 2439 845 2486 terram
870 2423 984 2508 prefati
1011 2423 1164 2506 Stephani
1190 2423 1296 2506 jurati,
1325 2425 1431 2487 eidem
1458 2425 1526 2488 Ste-

260 2531 368 2613 phano
392 2531 496 2612 jurato
521 2531 666 2592 vendidit
690 2543 846 2614 perpetuo
879 2529 1108 2613 possidendam
1142 2547 1172 2594 et
1196 2531 1369 2613 superinde
1394 2545 1441 2593 est
1466 2531 1526 2592 sibi

259 2638 350 2700 litera
375 2639 434 2699 sub
458 2637 612 2720 pendenti
637 2637 745 2718 sigillo
770 2637 1012 2699 communitatis
1035 2649 1194 2698 emanata.
1385 2633 1391 2642 ’

365 2776 444 2824 trem
469 2760 564 2823 frater
589 2761 726 2824 Michael
751 2761 888 2823 vicarius
905 2761 1037 2823 fratrum
1063 2761 1303 2824 Heremitarum
1328 2762 1360 2822 in
1385 2761 1525 2824 claustro

261 2871 351 2930 beate
377 2867 477 2930 Marie
502 2887 628 2950 semper
652 2868 785 2948 virginis
811 2887 895 2929 nunc
925 2886 1141 2946 commorans,
1166 2867 1198 2928 in
1223 2887 1280 2928 sua
1305 2879 1336 2928 et
1361 2868 1526 2929 universo·

260 2994 330 3036 rurn
355 2973 489 3036 fratrum
513 2975 616 3036 tocius
648 2988 826 3036 conventus
858 2972 992 3035 fratrum
1027 2972 1170 3034 eiusdem
1203 2972 1332 3034 claustri
1369 2972 1525 3054 quasdam

259 3095 357 3142 terras
371 3081 517 3142 arabiles
541 3100 614 3142 curn
633 3078 785 3142 fenilibus
810 3079 855 3142 eis
872 3080 1069 3157 coniunctas,
1092 3079 1123 3140 in
1152 3097 1266 3162 campo
1291 3078 1427 3140 civitatis
1445 3079 1527 3142 inter

259 3186 393 3248 fluvium
420 3187 649 3269 Kalinowycza
680 3201 710 3248 et
743 3185 965 3270 Zerbechycza
996 3199 1147 3246 vocatum
1180 3204 1215 3246 ac
1248 3185 1331 3246 inter
1355 3184 1435 3246 duas
1459 3185 1527 3246 vias

260 3312 448 3354 communes
473 3293 559 3372 sitas,
584 3312 663 3374 quas
688 3293 734 3354 eis
758 3293 890 3354 domina
909 3290 1109 3372 Margaretha
1128 3291 1235 3352 relicta
1258 3290 1396 3352 condam
1415 3290 1525 3352 Jacobi

260 3399 424 3482 Eberspelr
449 3419 486 3460 ex
512 3399 739 3461 commissione
764 3399 865 3480 ipsius
898 3418 956 3481 pro
981 3397 1126 3460 remedio
1159 3397 1266 3458 anime
1291 3397 1360 3458 eius
1384 3395 1526 3475 dederat,

259 3505 395 3567 Nicolao
420 3505 518 3586 judici
543 3505 610 3567 filio
635 3506 790 3567 Demetrii
816 3526 873 3588 pro
898 3505 1010 3586 viginti
1037 3524 1092 3567 sex
1122 3503 1191 3566 flor.
1217 3503 1434 3565 vendiderunt
1455 3523 1525 3584 per·

259 3626 358 3695 petuo
383 3611 592 3695 possidendas
617 3625 648 3674 et
671 3612 844 3694 superinde
869 3625 915 3674 est
949 3599 1009 3672 sibi
1035 3611 1126 3672 litera
1151 3611 1210 3672 sub
1235 3610 1389 3692 pendenti
1414 3610 1524 3690 sigillo

259 3719 500 3781 communitatis
525 3733 681 3782 emanata.

365 3843 442 3906 ltem
468 3843 586 3906 Paulus
610 3841 770 3904 aurifaber
794 3841 879 3904 filius
898 3841 1051 3924 Stephani
1081 3841 1113 3902 in
1130 3860 1186 3902 sua
1213 3853 1243 3902 et
1260 3839 1393 3901 domine
1410 3840 1525 3903 Vrsule

259 3950 416 4011 consortis
440 3969 496 4010 sue
522 3950 675 4031 personis,
700 3951 739 4010 ab
764 3969 826 4010 una
852 3963 950 4030 parte,
975 3961 1006 4010 et
1029 3964 1117 4030 parte
1141 3949 1181 4008 ab
1206 3948 1305 4008 altera
1332 3947 1526 4008 Benedictus

259 4055 406 4117 similiter
431 4053 591 4116 aurifaber
616 4053 702 4116 filius
718 4055 848 4116 alterius
874 4054 1026 4136 Stephani
1058 4053 1205 4115 similiter
1223 4055 1255 4114 in
1272 4073 1327 4115 sua
1346 4067 1376 4114 et
1394 4053 1525 4115 domine

259 4161 398 4224 Barbare
421 4162 578 4223 consortis
603 4181 658 4224 sue
682 4162 838 4243 personis,
864 4159 1028 4242 quandam
1053 4160 1186 4222 domurn
1217 4173 1374 4221 muratam
1401 4173 1431 4220 et
1456 4159 1524 4240 pal·

260 4267 378 4328 facium
403 4288 477 4329 cum
501 4265 609 4329 fundis
632 4282 663 4328 et
687 4266 854 4346 hedificiis,
880 4287 943 4348 que
968 4267 1106 4328 condam
1133 4267 1301 4328 Michaelis
1326 4265 1441 4348 judicis
1466 4264 1525 4326 filii

260 4375 438 4438 Sebastiani
462 4373 593 4456 prefuit,
618 4374 699 4435 inter
716 4394 748 4434 se
767 4393 823 4455 per
847 4373 992 4434 medium
1013 4373 1202 4450 diviserunt,
1228 4374 1340 4453 inqua
1366 4371 1525 4432 divisione

259 4483 359 4544 stacio
384 4495 450 4544 tota
475 4497 506 4542 et
531 4481 647 4542 domus
665 4495 788 4542 murata
813 4500 886 4542 cum
905 4481 987 4542 solio
1013 4494 1043 4541 et
1060 4481 1132 4541 aliis
1148 4481 1214 4540 suis
1231 4479 1438 4561 pertinenciis
1455 4498 1524 4559 pre·

259 4590 345 4651 dicto
372 4589 472 4650 Paulo
498 4587 660 4650 aurifabro
687 4602 718 4648 er
742 4588 877 4654 domine¹
892 4587 1005 4649 Vrsule
1022 4607 1077 4648 sue
1095 4587 1233 4648 consorti
1253 4587 1345 4647 cessit
1362 4597 1518 4667 perpetuo

260 4695 465 4777 possidenda,
491 4709 521 4756 et
549 4695 610 4756 alia
644 4694 799 4756 medietas
831 4694 975 4755 eiusdem
1008 4693 1124 4754 domus
1157 4707 1279 4753 murare
1305 4705 1335 4752 et
1360 4691 1450 4752 fundi
1488 4710 1522 4750 ac

261 4801 484 4864 hedificiorum
510 4821 583 4862 cum
609 4801 698 4862 totali
725 4801 878 4882 porcione
913 4800 1030 4860 vineali
1065 4799 1164 4880 ipsius
1190 4799 1280 4858 Pauli
1313 4795 1465 4858 aurifabri
1491 4797 1522 4856 in

260 4909 353 4970 vinea
379 4909 494 4970 Korito
519 4922 631 4969 vocata
656 4908 775 4985 habita,
799 4905 922 4988 prefato
949 4904 1123 4966 Benedicto
1148 4903 1310 4964 aurifabro
1335 4917 1366 4964 et
1391 4903 1523 4964 domine
1576 4892 1578 4897 ’

263 5015 401 5076 Barbare
426 5035 482 5076 sue
507 5015 646 5077 consorti
681 5015 711 5076 in
744 5014 933 5096 porcionem
967 5030 1078 5074 eorum
1113 5010 1337 5071 divisionalem
1363 5009 1455 5135 cessit
1479 5009 1519 5070 si·
