3816 5802
397 571 454 631 128
923 570 1009 626 Anao
1032 580 1121 645 1451.

393 781 547 863 quasdam
572 795 635 842 tres
660 780 879 862 possessiones
903 799 985 857 suas,
1010 779 1179 840 videlicet:
1206 779 1357 840 balneum
1375 799 1468 841 suum
1492 799 1564 842 cum
1582 780 1653 842 loco

393 890 462 951 eius
487 903 518 950 et
541 889 650 970 spacio
674 901 757 948 tetre
780 886 812 948 in
837 899 946 947 nostro
977 905 1032 947 seu
1066 886 1205 947 civitatis
1237 885 1378 968 predicte
1403 887 1575 965 territori0,
1599 888 1658 948 sub

393 1008 503 1058 monte
527 993 672 1056 eiusdem
697 993 835 1056 civitatis
859 1012 957 1074 penes
981 1007 1012 1054 et
1036 992 1122 1074 juxta
1158 992 1307 1053 metalem
1333 991 1467 1054 fluvium
1493 991 1659 1054 internos

393 1117 424 1162 et
448 1101 638 1183 Capitulum
663 1099 869 1180 zagrabiense
894 1099 1117 1160 decurrentem
1151 1113 1182 1158 et
1206 1098 1288 1160 inter
1311 1113 1443 1180 pontem
1469 1117 1525 1160 seu
1548 1099 1657 1160 locum

393 1207 500 1290 pontis
524 1206 623 1287 vulgo
649 1205 768 1288 Pyzani
794 1217 881 1266 mozt
914 1204 1035 1266 dictum
1061 1224 1096 1266 ac
1129 1204 1211 1266 inter
1235 1204 1401 1286 quoddam
1435 1205 1659 1266 molendinum

395 1314 426 1374 in
459 1311 574 1374 eodem
607 1311 768 1373 territorio
801 1323 911 1373 nostro
943 1331 960 1372 a
991 1323 1080 1393 parte
1116 1310 1369 1393 septemtrionali
1401 1312 1518 1390 situm,
1554 1311 1660 1374 abbati

395 1419 580 1480 monasterii
606 1419 698 1479 beate
718 1417 818 1479 Maris
836 1417 969 1499 virginis
985 1417 1170 1478 deserviens
1186 1416 1332 1478 habitum
1357 1431 1388 1479 et
1412 1418 1566 1494 existens3
1584 1417 1658 1480 item

395 1525 550 1606 quasdam
582 1536 681 1584 terras
704 1543 777 1584 suas
808 1523 944 1584 arabiles
976 1523 1066 1600 duas,
1098 1543 1194 1584 unam
1230 1523 1312 1584 iuter
1343 1537 1373 1584 et
1404 1543 1502 1606 penes
1527 1523 1662 1605 (h)ort0s

394 1631 504 1693 relicte
528 1630 666 1692 condam
692 1629 849 1691 Anthonii
875 1629 950 1690 dicti
976 1629 1091 1706 Losalr,
1124 1643 1155 1690 et
1180 1628 1347 1690 Michaelis
1378 1628 1484 1710 jurati,
1518 1649 1554 1691 ac
1577 1630 1660 1691 inter

395 1739 462 1799 vias
493 1755 683 1800 communes
713 1735 867 1814 habitam,
899 1749 962 1797 tres
995 1735 1096 1797 dietas
1128 1749 1212 1796 terre
1246 1735 1279 1796 in
1307 1755 1340 1795 se
1372 1736 1602 1814 continentem,
1626 1755 1662 1796 ac

395 1843 558 1928 quandam
583 1843 679 1906 aliam
705 1857 822 1904 terram
846 1862 935 1903 suam
970 1841 1124 1904 arabilem
1158 1841 1190 1902 in
1217 1842 1333 1904 eodem
1365 1843 1526 1905 territorio
1551 1856 1660 1904 nostro

396 1955 477 2016 inter
501 1965 532 2014 et
555 1971 654 2035 penes
678 1965 795 2014 terram
821 1950 905 2012 Petri
922 1949 998 2011 dicti
1025 1948 1180 2010 Pentheia
1198 1948 1293 2030 jurati
1319 1949 1418 2012 nostri
1435 1951 1513 2011 alias
1537 1965 1568 2012 et
1586 1969 1660 2012 con·

395 2061 473 2122 civis
496 2059 607 2138 nostri,
632 2059 672 2120 ab
698 2057 876 2132 occidente,
901 2069 932 2118 et
957 2057 1037 2118 inter
1065 2069 1182 2118 terram
1208 2055 1372 2118 Valentini
1405 2055 1521 2138 judicis
1545 2069 1576 2118 et
1601 2057 1659 2118 Mi-

396 2165 515 2228 chaelis
539 2163 595 2226 lilii
621 2163 777 2242 eiusdem,
811 2183 828 2224 a
861 2163 1041 2223 meridione
1074 2161 1228 2240 habitam,
1253 2181 1326 2224 cum
1358 2163 1511 2224 omnibus
1536 2182 1662 2224 earum-

396 2271 469 2334 dem
496 2271 734 2354 possessionum
759 2289 888 2332 suarum
913 2269 1106 2330 utilitatibus
1130 2281 1161 2330 et
1178 2269 1385 2351 pertinenciis
1409 2269 1567 2331 universis
1591 2289 1661 2350 pre-

398 2378 463 2440 lato
489 2377 664 2441 Benedicto
689 2373 851 2438 aurifabro
877 2376 946 2436 viro
962 2395 1021 2436 suo
1046 2375 1206 2456 legittimo
1224 2375 1357 2436 donavit
1381 2387 1537 2458 perpetuo
1561 2375 1662 2458 possi·

397 2484 519 2546 dendas
554 2497 585 2546 et
616 2483 788 2566 superinde
813 2495 859 2543 est
890 2482 981 2542 litera
999 2481 1058 2542 sibi
1084 2481 1142 2542 sub
1167 2482 1321 2563 pendenti
1347 2481 1454 2562 sigillo
1483 2481 1662 2542 communi-

396 2592 471 2654 tatis
495 2589 639 2653 conlecta
664 2603 695 2651 et
718 2602 876 2650 emanata.

504 2697 581 2759 ltem
596 2695 695 2757 Lucia
712 2695 823 2758 relicta
840 2694 978 2758 condam
996 2695 1136 2756 Emetici
1154 2693 1302 2756 Nsdulen
1333 2693 1538 2755 medietatem
1557 2693 1663 2754 cuius·

399 2805 471 2867 dam
497 2805 624 2882 domus,
649 2802 741 2864 fundi
766 2814 797 2864 et
820 2801 1031 2864 hedificorum
1058 2803 1089 2863 in
1124 2801 1205 2864 dicta
1232 2801 1360 2862 civitate
1385 2801 1467 2862 inter
1492 2799 1607 2861 domos
1631 2813 1662 2862 et
1727 2810 1733 2822 “

398 2910 515 2973 lundos
539 2910 714 2971 liberorum
740 2929 796 2970 seu
814 2927 1034 2970 successorum
1060 2907 1197 2969 condam
1217 2906 1349 2989 Georgii
1369 2906 1484 2968 medici
1509 2919 1540 2968 et
1564 2905 1663 2967 Fran·

398 3018 473 3078 cisci
497 3016 613 3078 literati
638 3015 757 3094 habite,
776 3035 872 3077 unam
898 3027 1044 3096 quartam
1062 3015 1150 3076 curie
1175 3014 1207 3075 in
1224 3033 1257 3076 se
1282 3014 1513 3091 continentem,
1532 3011 1662 3096 Endrey

399 3124 498 3186 sutori
522 3120 590 3184 filio
615 3122 731 3184 Briccii
765 3140 823 3204 pro
857 3135 941 3183 certa
974 3121 1184 3203 pecuniarum
1217 3122 1394 3203 quantitate
1418 3119 1563 3181 vendidit
1594 3140 1664 3202 per·

399 3243 496 3312 petuo
519 3228 759 3311 possidendam,
784 3229 874 3289 cuius
898 3227 1016 3290 domus
1040 3228 1135 3289 aliam
1169 3228 1375 3289 medietatem
1408 3227 1495 3288 idem
1519 3226 1665 3288 Andreas

400 3349 489 3398 sutor
513 3335 687 3397 literatorie
711 3335 906 3417 possidebat,
932 3347 963 3396 et
987 3333 1062 3395 ideo
1087 3333 1199 3395 eadem
1233 3347 1298 3394 tota
1323 3333 1440 3394 domus
1464 3351 1537 3394 cum
1563 3331 1664 3394 lundo

401 3455 431 3504 et
455 3441 613 3504 hedificiis
637 3442 742 3504 medie
768 3441 854 3503 curie
879 3441 985 3502 eidem
1003 3440 1133 3502 Andree
1149 3440 1249 3502 sutori
1275 3454 1321 3501 est
1344 3439 1589 3522 privilegialiter
1606 3441 1664 3500 sub

401 3549 553 3632 pendenti
578 3547 686 3630 sigillo
710 3547 801 3610 litera
826 3547 1036 3631 privilegialis
1060 3561 1217 3608 emanata.

507 3653 584 3715 ltem
611 3653 772 3735 Georgius
795 3667 896 3715 sartor
922 3652 1005 3715 filius
1029 3653 1189 3715 Francisci
1221 3672 1320 3734 gener
1344 3653 1483 3716 condam
1509 3653 1664 3736 Stephani

401 3761 564 3843 pincerne,
589 3759 751 3841 quandam
776 3759 904 3821 vineam
926 3779 1016 3821 suam
1042 3759 1074 3820 iu
1093 3759 1254 3822 territorio
1279 3759 1415 3821 civitatis
1439 3761 1522 3822 inter
1541 3760 1666 3822 vineam

404 3866 532 3950 Mathye
556 3863 723 3944 carnificis,
747 3885 764 3927 a
789 3867 1031 3948 septemtrione,
1055 3879 1086 3927 et
1108 3866 1285 3928 liberorum
1313 3865 1452 3928 condam
1479 3866 1592 3928 Briccii
1617 3865 1666 3946 ju·

402 3970 491 4050 dicis,
515 3991 532 4032 a
557 3971 736 4033 meridione
762 3971 914 4050 habitam,
933 3973 1069 4054 desuper
1094 3993 1111 4034 a
1135 3973 1185 4034 via
1204 3973 1369 4034 communi
1394 3992 1510 4054 magna
1535 3985 1566 4034 et
1582 3969 1666 4034 infra

403 4096 504 4158 usque
528 4076 623 4138 aliam
649 4077 734 4138 viam
759 4095 910 4159 magnam
935 4091 966 4138 et
990 4097 1208 4157 communem,
1232 4078 1328 4140 simul
1345 4098 1419 4140 cum
1448 4091 1529 4140 terra
1554 4077 1666 4140 arabili

402 4183 507 4245 eidem
532 4184 624 4244 vinee
659 4181 835 4262 subjacenti
860 4203 893 4245 se
923 4183 1158 4262 extendentem,
1192 4183 1352 4266 Gregorio
1383 4182 1545 4266 lutihgulo
1580 4183 1666 4245 dicto

406 4289 515 4371 Zaylro
539 4308 597 4371 pto
622 4288 762 4370 quadam
787 4290 880 4350 vinea
905 4310 961 4351 sua
985 4291 1017 4351 in
1050 4290 1212 4352 vicinitate
1244 4291 1337 4352 vinee
1371 4290 1512 4372 magistri
1546 4289 1666 4352 Mathai

405 4395 519 4456 notarii
534 4397 632 4458 nostri
650 4395 797 4458 moderni
815 4411 846 4459 et
863 4397 1003 4459 concivis
1021 4397 1128 4459 habita
1152 4411 1183 4460 et
1205 4417 1263 4480 pro
1289 4397 1509 4460 additamento
1527 4397 1665 4478 quadra·

404 4501 491 4581 ginta
511 4500 580 4562 flor.
605 4503 673 4563 auri
698 4523 753 4585 per
778 4503 912 4564 modum
937 4505 1187 4585 permutationis
1220 4518 1251 4566 et
1275 4503 1455 4566 concambii
1480 4503 1569 4565 dedit
1592 4522 1662 4586 per·

405 4620 503 4689 petuo
527 4609 754 4690 possidendam
780 4624 810 4672 et
838 4610 1010 4692 superinde
1036 4611 1112 4692 ipsis
1138 4611 1296 4673 ambobus
1326 4629 1471 4672 seorsum
1495 4623 1527 4672 et
1550 4629 1606 4692 per
1632 4629 1665 4670 se

404 4725 478 4774 sunt
493 4713 582 4774 litere
605 4715 820 4798 privilegiales
845 4717 904 4776 sub
926 4716 1077 4798 pendenti
1103 4717 1210 4797 sigillo
1243 4717 1483 4778 communitatis
1507 4728 1667 4779 emanate.

511 4818 588 4880 Item
615 4819 814 4902 Margaretha
839 4823 948 4883 relicta
981 4822 1120 4884 condam
1146 4823 1302 4885 Anthonii
1334 4822 1611 4903 Jauchechewych
1636 4822 1668 4884 in

407 4943 462 4984 sua
488 4938 518 4986 et
541 4927 655 4988 Vrsule
689 4947 726 4988 ac
758 4927 959 5007 Margarethe
990 4927 1130 4992 filiarum
1164 4949 1295 4992 suarum
1327 4930 1483 5012 personis,
1507 4929 1670 5012 quandam

409 5029 535 5091 vineam
560 5051 616 5093 seu
639 5033 799 5096 vinealem
823 5034 1011 5118 porcionem
1032 5036 1062 5098 in
1089 5037 1251 5100 territorio
1268 5037 1405 5099 civitatis
1428 5035 1572 5120 predicte
1591 5037 1672 5098 inter
