3840 5810
385 509 424 589 38
906 506 993 564 Anno
1015 520 1108 583 1444.

383 721 531 805 pentarii,
555 722 596 781 ab
622 719 800 798 occidente,
825 732 855 779 et
871 719 1046 779 liberorum
1072 717 1210 778 condam
1228 716 1357 778 Thome
1380 717 1421 778 de
1445 717 1593 796 Goricza,
1609 736 1647 779 ac

383 831 525 892 virorum
562 828 770 911 providorum
805 827 944 888 Emerici
977 839 1008 888 et
1041 825 1208 887 Michaelis
1240 825 1416 906 juratorum
1448 827 1487 887 ab
1523 827 1646 888 oriente

384 937 502 1014 habiti,
537 935 647 1017 porcio
683 935 803 995 scilicet
839 933 938 1015 ipsius
970 933 1107 994 Emerici
1142 931 1313 1011 aurifabri,
1349 933 1484 1015 provide
1519 933 1647 995 mulieri

385 1040 561 1124 Elyzabeth
586 1041 694 1103 relicte
719 1041 864 1103 eiusdem
890 1039 1027 1100 Emerici
1053 1052 1083 1100 et
1108 1039 1208 1100 Elene
1233 1037 1297 1100 filie
1322 1058 1377 1100 sue
1402 1052 1432 1100 et
1456 1059 1566 1100 earum
1591 1039 1646 1101 he·

385 1149 514 1210 cedibus
549 1150 617 1226 jure
641 1161 797 1230 perpetuo
821 1146 1063 1229 privilegialiter
1086 1159 1202 1207 statuta
1225 1159 1380 1228 perpetuo
1404 1145 1598 1228 possidenda
1616 1161 1647 1207 et

384 1256 555 1338 superinde
581 1269 626 1316 est
650 1255 740 1316 litera
765 1254 823 1314 sub
848 1252 1001 1334 pendenti
1026 1253 1133 1333 sigillo
1158 1252 1397 1314 communitatis
1421 1267 1578 1315 emanata.

490 1362 567 1422 ltem
593 1361 725 1422 domina
743 1359 843 1421 Elena
868 1359 977 1420 relicta
1002 1359 1138 1420 condam
1169 1358 1322 1440 Stephani
1344 1358 1488 1420 Pundich
1513 1359 1645 1422 totalem

385 1469 518 1530 domum
541 1487 632 1528 suam
657 1480 826 1544 muratam,
851 1479 934 1526 retro
960 1465 1093 1526 domurn
1111 1465 1258 1526 similiter
1282 1481 1438 1526 muratam
1458 1465 1578 1526 Vrbani
1593 1486 1647 1546 ge-

385 1577 453 1638 neri
478 1588 509 1636 et
534 1573 734 1655 Margarethe
752 1570 816 1634 filie
841 1571 986 1632 eiusdem
1004 1571 1136 1632 domine
1159 1571 1270 1648 Elene,
1295 1585 1418 1653 aparte
1442 1570 1647 1633 meridionali

385 1682 537 1758 habitam,
562 1699 597 1741 ac
622 1679 755 1740 domum
782 1697 872 1738 suam
895 1677 1034 1758 ligneam
1062 1697 1077 1737 a
1104 1691 1191 1758 parte
1216 1677 1366 1738 anteriori
1391 1696 1489 1758 penes
1513 1676 1645 1739 domurn

386 1787 533 1871 Dyonisii
558 1785 686 1846 sartoris
710 1799 740 1844 et
757 1783 934 1845 liberorum
960 1781 1093 1863 Georgii
1110 1782 1250 1862 sartoris,
1267 1781 1372 1864 jurati,
1396 1783 1549 1862 habitam,
1574 1803 1647 1844 cum

386 1895 451 1956 suis
475 1893 665 1955 utilitatibus
690 1905 720 1951 et
752 1889 958 1972 pertinenciis
989 1889 1145 1950 universis
1170 1888 1313 1970 Georgio
1344 1889 1459 1971 jurat0,
1495 1891 1648 1968 sellatori,

387 2000 454 2062 filio
479 1998 604 2061 Nicolai
630 2011 660 2058 et
685 1995 846 2058 Clementi
872 1994 1023 2076 lrenipati
1047 1993 1115 2056 filio
1144 1995 1241 2056 Blasii
1285 2015 1320 2056 ac
1345 2015 1401 2076 per
1425 2015 1480 2056 eos
1503 1997 1646 2078 ipsorum

387 2105 558 2166 heredibus
590 2124 647 2186 pro
680 2101 793 2182 viginti
826 2115 963 2182 quatuor
994 2100 1063 2164 flor.
1094 2101 1162 2162 auri
1195 2101 1340 2164 vendidit
1370 2117 1526 2184 perpetuo
1550 2103 1648 2184 possi-

387 2211 526 2273 dendam
551 2224 581 2271 et
605 2209 777 2291 superinde
802 2223 848 2269 est
880 2208 972 2269 litera
1001 2209 1060 2268 sub
1092 2208 1245 2290 pendenti
1278 2209 1385 2289 sigillo
1410 2211 1649 2272 communitatis

387 2331 543 2381 emanata.

493 2407 570 2468 ltem
596 2405 734 2487 quedam
760 2403 877 2466 domus
898 2417 1021 2466 murata
1039 2405 1136 2464 simul
1161 2425 1234 2466 curn
1259 2403 1360 2467 fundo
1378 2421 1408 2469 et
1433 2408 1550 2470 celario
1574 2411 1648 2470 sub·

387 2529 534 2576 terraneo
559 2533 595 2573 ac
620 2509 776 2573 hedificiis
801 2511 939 2572 condam
965 2511 1128 2572 Benedicti
1159 2511 1333 2573 Ztanchich
1358 2514 1390 2574 in
1416 2515 1499 2576 dicta
1524 2515 1648 2576 civitate

388 2621 471 2681 inter
494 2618 610 2679 domos
633 2617 797 2680 Valentini
821 2617 915 2698 jurati
940 2616 996 2678 filii
1032 2617 1197 2678 Michaelis
1223 2618 1387 2702 Saronych
1425 2634 1456 2682 et
1481 2621 1648 2683 Laurencii

388 2725 542 2786 institoris
566 2723 684 2800 habita,
708 2723 768 2786 tria
793 2724 949 2804 quartalia
975 2724 1060 2784 curie
1086 2724 1118 2784 in
1142 2745 1174 2784 se
1200 2727 1377 2805 continens,
1402 2746 1474 2788 cum
1499 2728 1564 2788 suis
1588 2728 1649 2790 usi·

389 2834 447 2893 bus
471 2845 501 2892 et
526 2831 731 2913 pertinenciis
748 2831 904 2891 universis
928 2850 986 2912 pro
1016 2849 1080 2891 non
1099 2831 1265 2892 solucione
1282 2845 1426 2894 taxarum
1443 2847 1508 2894 tam
1526 2834 1649 2895 domini

389 2939 488 2999 nostri
512 2938 595 3018 regis
626 2956 723 3017 quarn
755 2937 893 2998 aliorum
926 2937 1134 2998 dominorum
1168 2953 1351 3000 nostrorum
1383 2959 1479 3022 super
1510 2960 1569 3002 nos
1592 2961 1650 3022 pro

388 3059 534 3126 tempore
559 3043 819 3122 constitutorum,
844 3057 874 3104 et
892 3055 1071 3104 nostrarum
1097 3045 1319 3106 communium
1337 3059 1480 3108 taxarum
1504 3067 1562 3128 pro
1587 3067 1650 3108 non

386 3151 563 3227 solucione,
588 3169 645 3210 nec
670 3169 735 3210 non
761 3169 818 3230 pro
844 3149 1047 3211 exhibicione
1071 3150 1313 3230 vigilaturarum
1332 3173 1368 3213 ac
1393 3153 1533 3215 aliorum
1557 3155 1648 3216 debi-

390 3271 496 3319 torum
522 3269 552 3316 et
576 3269 832 3337 opportunorum
853 3255 1059 3317 serviciorum
1079 3269 1261 3317 nostrorum
1281 3259 1515 3338 communium,
1531 3260 1651 3322 Jacobo

390 3363 542 3443 magistro
567 3362 705 3443 coquine
731 3361 854 3422 domini
872 3363 969 3423 Vlrici
995 3363 1121 3424 comitis
1141 3361 1210 3424 filio
1228 3363 1326 3425 Vlrici
1351 3379 1382 3426 et
1400 3368 1551 3447 magistro
1570 3368 1652 3428 Lau-

390 3470 498 3530 rencio
520 3469 687 3530 scolastico
712 3481 833 3546 nostro,
858 3467 935 3546 filio,
961 3483 991 3529 et
1023 3469 1154 3530 domine
1179 3469 1353 3532 Katherine
1378 3473 1487 3534 relicte
1513 3475 1649 3535 condam

390 3575 544 3636 lobannis
567 3574 713 3652 oculiste,
738 3588 772 3635 ut
795 3575 888 3636 novis
919 3576 1106 3636 concivibus
1131 3577 1256 3656 nostris,
1289 3597 1346 3658 pro
1372 3579 1473 3640 tribus
1498 3579 1566 3641 lior.
1593 3599 1647 3661 per

393 3681 526 3740 modum
552 3679 751 3740 vendicionis
783 3695 830 3742 est
860 3694 976 3742 statuta
1009 3696 1164 3764 perpetuo
1195 3683 1390 3765 possidenda
1423 3697 1454 3746 et
1478 3685 1651 3768 superinde

391 3801 437 3848 est
461 3787 552 3848 litera
576 3786 635 3847 sub
661 3786 813 3868 pendenti
837 3788 945 3868 sigillo
970 3789 1209 3851 communitatis
1238 3804 1395 3853 emanata.

496 3892 572 3954 ltem
600 3893 753 3954 medietas
777 3893 944 3954 cuiusdam
962 3894 1088 3974 domus,
1113 3893 1205 3956 fundi
1223 3908 1253 3956 et
1269 3895 1493 3959 hedificiorum
1517 3899 1650 3962 indicta

391 3999 516 4060 civitate
551 3999 631 4060 inter
663 3999 779 4060 domos
811 4013 841 4060 et
872 3997 989 4061 fundos
1020 4000 1175 4062 Anthonii
1210 4000 1435 4086 Czuczlenych
1463 4019 1494 4065 et
1519 4005 1651 4066 Fabiani

391 4104 591 4184 agricultoris
619 4105 745 4182 habite,
774 4106 884 4185 porcio
913 4105 1033 4169 scilicet
1062 4107 1198 4168 condam
1232 4106 1355 4169 domini
1383 4108 1540 4170 Anthonii
1568 4129 1652 4192 pres·

392 4211 483 4271 biteri
520 4211 597 4271 olim
623 4211 752 4292 plebani
778 4225 809 4272 et
837 4212 977 4272 concivis
1010 4213 1120 4290 nostri,
1153 4232 1249 4274 unam
1274 4227 1420 4294 quartam
1453 4216 1538 4277 curie
1564 4217 1595 4276 in
1619 4237 1652 4278 se

390 4317 568 4394 continens,
593 4337 630 4378 ex
655 4337 704 4396 eo,
730 4318 805 4398 quia
831 4317 924 4378 deca
947 4318 1128 4399 apluribus
1148 4320 1313 4381 retroactis
1336 4323 1537 4403 temporibus
1561 4323 1652 4384 dacia

391 4436 421 4484 et
446 4437 516 4484 taxe
543 4438 607 4484 tam
633 4424 756 4484 domini
782 4425 880 4485 nostri
906 4425 999 4505 regis,
1024 4445 1121 4506 quam
1154 4427 1255 4486 eciam
1281 4426 1419 4488 aliorum
1444 4428 1651 4490 dominorum

390 4549 485 4610 super
510 4549 568 4590 nos
592 4549 650 4610 pro
673 4543 818 4611 tempore
843 4532 1099 4610 constitutorum,
1126 4552 1161 4593 ac
1186 4533 1366 4613 vigilatura,
1391 4533 1519 4615 aliaque
1544 4535 1649 4596 debita

390 4647 422 4696 et
445 4650 625 4716 opportuna
650 4637 782 4696 servicia
817 4651 923 4698 nostra
958 4638 1142 4699 communia
1175 4640 1337 4721 persolute
1369 4653 1399 4700 et
1424 4638 1563 4702 exhibita
1588 4661 1653 4702 non

391 4755 489 4820 erant,
515 4741 646 4803 Vrbano
678 4743 816 4822 literato,
849 4757 883 4804 ut
916 4764 1001 4805 novo
1034 4745 1157 4806 concivi
1191 4759 1311 4825 nostro,
1336 4766 1395 4828 pro
1428 4747 1652 4828 persolutione

391 4847 546 4908 dictarum
572 4862 714 4909 taxarum
741 4870 777 4910 ac
801 4869 859 4931 pro
877 4849 1079 4912 exhibicione
1098 4866 1127 4912 et
1152 4853 1374 4934 complecioue
1399 4852 1556 4914 dictarum
1574 4853 1652 4934 vigi-

393 4953 569 5014 laturarum
595 4975 632 5014 ac
657 4956 793 5016 aliorum
820 4956 1001 5017 debitorum
1025 4974 1055 5017 et
1080 4972 1335 5040 opportunorum
1366 4959 1572 5022 serviciorum
1597 4979 1653 5021 no·
