<?xml version="1.0" encoding="UTF-8"?>
<!DOCTYPE html PUBLIC "-//W3C//DTD XHTML 1.0 Transitional//EN"
    "http://www.w3.org/TR/xhtml1/DTD/xhtml1-transitional.dtd">
<html xmlns="http://www.w3.org/1999/xhtml" xml:lang="en" lang="en">
 <head>
  <title>
</title>
<meta http-equiv="Content-Type" content="text/html;charset=utf-8" />
  <meta name='ocr-system' content='tesseract 3.04.00' />
  <meta name='ocr-capabilities' content='ocr_page ocr_carea ocr_par ocr_line ocrx_word'/>
</head>
<body>
  <div class='ocr_page' id='page_1' title='image "./monumentahistor21laszgoog_0315.png"; bbox 0 0 3854 5798; ppageno 0'>
   <div class='ocr_carea' id='block_1_1' title="bbox 247 559 1515 1491">
    <p class='ocr_par' dir='ltr' id='par_1_1' title="bbox 247 559 1515 1491">
     <span class='ocr_line' id='line_1_1' title="bbox 780 559 1510 642; baseline 0.005 -26"><span class='ocrx_word' id='word_1_1' title='bbox 780 559 869 616; x_wconf 76' lang='lat' dir='ltr'>Anno</span> <span class='ocrx_word' id='word_1_2' title='bbox 888 559 983 636; x_wconf 79' lang='lat'><em>1469.</em></span> <span class='ocrx_word' id='word_1_3' title='bbox 1452 577 1510 642; x_wconf 87' lang='lat'>²7¹</span> 
     </span>
     <span class='ocr_line' id='line_1_2' title="bbox 248 769 1513 852; baseline 0 -22"><span class='ocrx_word' id='word_1_4' title='bbox 248 787 388 830; x_wconf 90' lang='lat' dir='ltr'>unacum</span> <span class='ocrx_word' id='word_1_5' title='bbox 414 769 596 831; x_wconf 86' lang='lat' dir='ltr'>extensorio</span> <span class='ocrx_word' id='word_1_6' title='bbox 622 790 659 830; x_wconf 84' lang='lat' dir='ltr'>cx</span> <span class='ocrx_word' id='word_1_7' title='bbox 683 770 834 852; x_wconf 90' lang='lat' dir='ltr'>opposito</span> <span class='ocrx_word' id='word_1_8' title='bbox 860 784 890 830; x_wconf 90' lang='lat' dir='ltr'>et</span> <span class='ocrx_word' id='word_1_9' title='bbox 911 784 985 831; x_wconf 90' lang='lat' dir='ltr'>ante</span> <span class='ocrx_word' id='word_1_10' title='bbox 1010 770 1147 832; x_wconf 89' lang='lat' dir='ltr'>eandem</span> <span class='ocrx_word' id='word_1_11' title='bbox 1172 789 1331 832; x_wconf 88' lang='lat' dir='ltr'>cameram</span> <span class='ocrx_word' id='word_1_12' title='bbox 1355 783 1513 831; x_wconf 88' lang='lat' dir='ltr'>muratam</span> 
     </span>
     <span class='ocr_line' id='line_1_3' title="bbox 248 875 1515 958; baseline 0.001 -22"><span class='ocrx_word' id='word_1_13' title='bbox 248 875 369 954; x_wconf 90' lang='lat' dir='ltr'>habito,</span> <span class='ocrx_word' id='word_1_14' title='bbox 393 895 452 938; x_wconf 90' lang='lat' dir='ltr'>nec</span> <span class='ocrx_word' id='word_1_15' title='bbox 476 894 542 937; x_wconf 93' lang='lat' dir='ltr'>non</span> <span class='ocrx_word' id='word_1_16' title='bbox 568 875 686 938; x_wconf 91' lang='lat' dir='ltr'>directa</span> <span class='ocrx_word' id='word_1_17' title='bbox 712 889 742 938; x_wconf 89' lang='lat' dir='ltr'>et</span> <span class='ocrx_word' id='word_1_18' title='bbox 766 876 892 957; x_wconf 82' lang='lat' dir='ltr'><strong>equalis</strong></span> <span class='ocrx_word' id='word_1_19' title='bbox 909 876 1065 938; x_wconf 81' lang='lat' dir='ltr'>medietas</span> <span class='ocrx_word' id='word_1_20' title='bbox 1090 877 1261 938; x_wconf 90' lang='lat' dir='ltr'>domorum</span> <span class='ocrx_word' id='word_1_21' title='bbox 1279 891 1344 938; x_wconf 88' lang='lat' dir='ltr'>tarn</span> <span class='ocrx_word' id='word_1_22' title='bbox 1369 875 1515 958; x_wconf 89' lang='lat' dir='ltr'>superius</span> 
     </span>
     <span class='ocr_line' id='line_1_4' title="bbox 247 979 1511 1062; baseline 0.002 -20"><span class='ocrx_word' id='word_1_23' title='bbox 247 1000 345 1062; x_wconf 90' lang='lat' dir='ltr'>quarn</span> <span class='ocrx_word' id='word_1_24' title='bbox 370 979 505 1043; x_wconf 88' lang='lat' dir='ltr'>inferius</span> <span class='ocrx_word' id='word_1_25' title='bbox 529 996 561 1044; x_wconf 90' lang='lat' dir='ltr'>et</span> <span class='ocrx_word' id='word_1_26' title='bbox 584 981 702 1044; x_wconf 77' lang='lat' dir='ltr'>stabuli</span> <span class='ocrx_word' id='word_1_27' title='bbox 729 982 773 1044; x_wconf 94' lang='lat' dir='ltr'>ibi</span> <span class='ocrx_word' id='word_1_28' title='bbox 798 982 889 1044; x_wconf 89' lang='lat' dir='ltr'>retris</span> <span class='ocrx_word' id='word_1_29' title='bbox 906 982 1034 1044; x_wconf 89' lang='lat' dir='ltr'>easdem</span> <span class='ocrx_word' id='word_1_30' title='bbox 1052 982 1168 1044; x_wconf 90' lang='lat' dir='ltr'>domos</span> <span class='ocrx_word' id='word_1_31' title='bbox 1192 995 1332 1044; x_wconf 89' lang='lat' dir='ltr'>muratas</span> <span class='ocrx_word' id='word_1_32' title='bbox 1355 1002 1391 1044; x_wconf 88' lang='lat' dir='ltr'>ac</span> <span class='ocrx_word' id='word_1_33' title='bbox 1417 983 1448 1043; x_wconf 92' lang='lat' dir='ltr'>in</span> <span class='ocrx_word' id='word_1_34' title='bbox 1466 981 1511 1044; x_wconf 93' lang='lat' dir='ltr'>vi·</span> 
     </span>
     <span class='ocr_line' id='line_1_5' title="bbox 247 1087 1514 1171; baseline 0.002 -23"><span class='ocrx_word' id='word_1_35' title='bbox 247 1087 377 1149; x_wconf 90' lang='lat' dir='ltr'>ciuitate</span> <span class='ocrx_word' id='word_1_36' title='bbox 413 1087 607 1166; x_wconf 91' lang='lat' dir='ltr'>domorum,</span> <span class='ocrx_word' id='word_1_37' title='bbox 639 1089 679 1150; x_wconf 89' lang='lat' dir='ltr'>ab</span> <span class='ocrx_word' id='word_1_38' title='bbox 711 1108 775 1150; x_wconf 92' lang='lat' dir='ltr'>una</span> <span class='ocrx_word' id='word_1_39' title='bbox 806 1088 956 1150; x_wconf 89' lang='lat' dir='ltr'>videlicet</span> <span class='ocrx_word' id='word_1_40' title='bbox 987 1089 1136 1151; x_wconf 82' lang='lat' dir='ltr'>orientali</span> <span class='ocrx_word' id='word_1_41' title='bbox 1169 1089 1258 1171; x_wconf 83' lang='lat' dir='ltr'>parte</span> <span class='ocrx_word' id='word_1_42' title='bbox 1293 1107 1514 1150; x_wconf 88' lang='lat' dir='ltr'>successorum</span> 
     </span>
     <span class='ocr_line' id='line_1_6' title="bbox 250 1193 1513 1278; baseline 0.002 -24"><span class='ocrx_word' id='word_1_43' title='bbox 250 1193 379 1256; x_wconf 84' lang='lat' dir='ltr'>Andree</span> <span class='ocrx_word' id='word_1_44' title='bbox 402 1194 532 1256; x_wconf 90' lang='lat' dir='ltr'>sartoris</span> <span class='ocrx_word' id='word_1_45' title='bbox 556 1195 648 1256; x_wconf 90' lang='lat' dir='ltr'>aliter</span> <span class='ocrx_word' id='word_1_46' title='bbox 665 1194 792 1278; x_wconf 87' lang='lat' dir='ltr'>Radlyu</span> <span class='ocrx_word' id='word_1_47' title='bbox 818 1208 849 1256; x_wconf 89' lang='lat' dir='ltr'>ct</span> <span class='ocrx_word' id='word_1_48' title='bbox 865 1195 995 1258; x_wconf 89' lang='lat' dir='ltr'>Martini</span> <span class='ocrx_word' id='word_1_49' title='bbox 1011 1193 1071 1257; x_wconf 92' lang='lat' dir='ltr'>filii</span> <span class='ocrx_word' id='word_1_50' title='bbox 1089 1195 1217 1258; x_wconf 87' lang='lat' dir='ltr'>Thomc</span> <span class='ocrx_word' id='word_1_51' title='bbox 1235 1196 1370 1258; x_wconf 90' lang='lat' dir='ltr'>senioris</span> <span class='ocrx_word' id='word_1_52' title='bbox 1387 1194 1513 1278; x_wconf 82' lang='lat' dir='ltr'>judicis,</span> 
     </span>
     <span class='ocr_line' id='line_1_7' title="bbox 247 1299 1515 1383; baseline 0.001 -22"><span class='ocrx_word' id='word_1_53' title='bbox 247 1319 284 1361; x_wconf 92' lang='lat' dir='ltr'>ac</span> <span class='ocrx_word' id='word_1_54' title='bbox 308 1301 391 1362; x_wconf 88' lang='lat' dir='ltr'>inter</span> <span class='ocrx_word' id='word_1_55' title='bbox 415 1299 561 1380; x_wconf 85' lang='lat' dir='ltr'>domum,</span> <span class='ocrx_word' id='word_1_56' title='bbox 587 1299 724 1362; x_wconf 82' lang='lat' dir='ltr'>fundum</span> <span class='ocrx_word' id='word_1_57' title='bbox 758 1314 789 1362; x_wconf 89' lang='lat' dir='ltr'>et</span> <span class='ocrx_word' id='word_1_58' title='bbox 820 1299 969 1363; x_wconf 92' lang='lat' dir='ltr'>bedificia</span> <span class='ocrx_word' id='word_1_59' title='bbox 992 1301 1128 1383; x_wconf 90' lang='lat' dir='ltr'>provide</span> <span class='ocrx_word' id='word_1_60' title='bbox 1161 1301 1304 1364; x_wconf 89' lang='lat' dir='ltr'>mulieris</span> <span class='ocrx_word' id='word_1_61' title='bbox 1337 1301 1515 1363; x_wconf 78' lang='lat' dir='ltr'>Katherina&#39;</span> 
     </span>
     <span class='ocr_line' id='line_1_8' title="bbox 247 1407 1508 1491; baseline 0.002 -23"><span class='ocrx_word' id='word_1_62' title='bbox 247 1421 359 1468; x_wconf 88' lang='lat' dir='ltr'>vocate</span> <span class='ocrx_word' id='word_1_63' title='bbox 384 1407 475 1470; x_wconf 90' lang='lat' dir='ltr'>aliter</span> <span class='ocrx_word' id='word_1_64' title='bbox 498 1407 657 1490; x_wconf 87' lang='lat' dir='ltr'>Werycza</span> <span class='ocrx_word' id='word_1_65' title='bbox 682 1408 777 1486; x_wconf 91' lang='lat' dir='ltr'>dicte,</span> <span class='ocrx_word' id='word_1_66' title='bbox 794 1427 811 1470; x_wconf 92' lang='lat' dir='ltr'>a</span> <span class='ocrx_word' id='word_1_67' title='bbox 828 1407 1035 1470; x_wconf 82' lang='lat' dir='ltr'>meridionali</span> <span class='ocrx_word' id='word_1_68' title='bbox 1052 1421 1152 1491; x_wconf 85' lang='lat' dir='ltr'>parte,</span> <span class='ocrx_word' id='word_1_69' title='bbox 1176 1409 1359 1471; x_wconf 88' lang='lat' dir='ltr'>concivium</span> <span class='ocrx_word' id='word_1_70' title='bbox 1384 1421 1508 1470; x_wconf 89' lang='lat' dir='ltr'>nostro-</span> 
     </span>
    </p>
   </div>
   <div class='ocr_carea' id='block_1_2' title="bbox 156 1513 1507 1596">
    <p class='ocr_par' dir='ltr' id='par_1_2' title="bbox 156 1513 1507 1596">
     <span class='ocr_line' id='line_1_9' title="bbox 156 1513 1507 1596; baseline 0.002 -22"><span class='ocrx_word' id='word_1_71' title='bbox 156 1541 157 1546; x_wconf 44' lang='lat'><em>*</em></span> <span class='ocrx_word' id='word_1_72' title='bbox 248 1532 318 1574; x_wconf 94' lang='lat' dir='ltr'>rum</span> <span class='ocrx_word' id='word_1_73' title='bbox 336 1513 454 1593; x_wconf 89' lang='lat' dir='ltr'>habita,</span> <span class='ocrx_word' id='word_1_74' title='bbox 471 1533 568 1576; x_wconf 88' lang='lat' dir='ltr'>unam</span> <span class='ocrx_word' id='word_1_75' title='bbox 587 1527 734 1596; x_wconf 79' lang='lat' dir='ltr'>quartam</span> <span class='ocrx_word' id='word_1_76' title='bbox 759 1515 791 1575; x_wconf 96' lang='lat' dir='ltr'>in</span> <span class='ocrx_word' id='word_1_77' title='bbox 815 1533 849 1575; x_wconf 93' lang='lat' dir='ltr'>se</span> <span class='ocrx_word' id='word_1_78' title='bbox 866 1514 1095 1593; x_wconf 85' lang='lat' dir='ltr'>continentem,</span> <span class='ocrx_word' id='word_1_79' title='bbox 1121 1515 1160 1576; x_wconf 89' lang='lat' dir='ltr'>ita</span> <span class='ocrx_word' id='word_1_80' title='bbox 1179 1528 1299 1594; x_wconf 89' lang='lat' dir='ltr'>tamen,</span> <span class='ocrx_word' id='word_1_81' title='bbox 1324 1513 1412 1596; x_wconf 94' lang='lat' dir='ltr'>quod</span> <span class='ocrx_word' id='word_1_82' title='bbox 1437 1534 1507 1596; x_wconf 90' lang='lat' dir='ltr'>prc-</span> 
     </span>
    </p>
   </div>
   <div class='ocr_carea' id='block_1_3' title="bbox 240 1617 1515 5108">
    <p class='ocr_par' dir='ltr' id='par_1_3' title="bbox 240 1617 1515 5108">
     <span class='ocr_line' id='line_1_10' title="bbox 247 1617 1511 1702; baseline 0.001 -21"><span class='ocrx_word' id='word_1_83' title='bbox 247 1617 330 1682; x_wconf 85' lang='lat' dir='ltr'>latus</span> <span class='ocrx_word' id='word_1_84' title='bbox 356 1620 494 1682; x_wconf 91' lang='lat' dir='ltr'>Michacl</span> <span class='ocrx_word' id='word_1_85' title='bbox 519 1622 707 1702; x_wconf 84' lang='lat' dir='ltr'>porcionem</span> <span class='ocrx_word' id='word_1_86' title='bbox 732 1620 918 1682; x_wconf 90' lang='lat' dir='ltr'>earumdem</span> <span class='ocrx_word' id='word_1_87' title='bbox 944 1621 1116 1682; x_wconf 90' lang='lat' dir='ltr'>domorum</span> <span class='ocrx_word' id='word_1_88' title='bbox 1134 1635 1330 1682; x_wconf 91' lang='lat' dir='ltr'>muratarum</span> <span class='ocrx_word' id='word_1_89' title='bbox 1355 1633 1387 1681; x_wconf 88' lang='lat' dir='ltr'>et</span> <span class='ocrx_word' id='word_1_90' title='bbox 1409 1620 1511 1700; x_wconf 85' lang='lat' dir='ltr'>ligne·</span> 
     </span>
     <span class='ocr_line' id='line_1_11' title="bbox 246 1725 1513 1808; baseline 0.002 -22"><span class='ocrx_word' id='word_1_91' title='bbox 246 1745 337 1786; x_wconf 89' lang='lat' dir='ltr'>arum</span> <span class='ocrx_word' id='word_1_92' title='bbox 362 1739 470 1808; x_wconf 76' lang='lat' dir='ltr'>tegere</span> <span class='ocrx_word' id='word_1_93' title='bbox 494 1740 624 1788; x_wconf 91' lang='lat' dir='ltr'>etcum</span> <span class='ocrx_word' id='word_1_94' title='bbox 648 1726 720 1788; x_wconf 89' lang='lat' dir='ltr'>aliis</span> <span class='ocrx_word' id='word_1_95' title='bbox 744 1725 901 1788; x_wconf 87' lang='lat' dir='ltr'>hedificiis</span> <span class='ocrx_word' id='word_1_96' title='bbox 925 1727 1012 1788; x_wconf 94' lang='lat' dir='ltr'>bono</span> <span class='ocrx_word' id='word_1_97' title='bbox 1030 1726 1128 1788; x_wconf 89' lang='lat' dir='ltr'>modo</span> <span class='ocrx_word' id='word_1_98' title='bbox 1153 1725 1327 1788; x_wconf 81' lang='lat' dir='ltr'>reformare</span> <span class='ocrx_word' id='word_1_99' title='bbox 1350 1727 1513 1789; x_wconf 89' lang='lat' dir='ltr'>tenebitur</span> 
     </span>
     <span class='ocr_line' id='line_1_12' title="bbox 246 1831 1515 1916; baseline 0.001 -24"><span class='ocrx_word' id='word_1_100' title='bbox 246 1844 278 1893; x_wconf 90' lang='lat' dir='ltr'>et</span> <span class='ocrx_word' id='word_1_101' title='bbox 301 1831 349 1893; x_wconf 87' lang='lat' dir='ltr'>sui</span> <span class='ocrx_word' id='word_1_102' title='bbox 374 1831 518 1896; x_wconf 87' lang='lat' dir='ltr'>heredes.</span> <span class='ocrx_word' id='word_1_103' title='bbox 544 1833 622 1895; x_wconf 90' lang='lat' dir='ltr'>ltem</span> <span class='ocrx_word' id='word_1_104' title='bbox 652 1833 811 1911; x_wconf 84' lang='lat' dir='ltr'>introitus,</span> <span class='ocrx_word' id='word_1_105' title='bbox 844 1833 946 1896; x_wconf 81' lang='lat' dir='ltr'>exitus</span> <span class='ocrx_word' id='word_1_106' title='bbox 978 1853 1034 1916; x_wconf 89' lang='lat' dir='ltr'>per</span> <span class='ocrx_word' id='word_1_107' title='bbox 1065 1846 1191 1915; x_wconf 88' lang='lat' dir='ltr'>portam</span> <span class='ocrx_word' id='word_1_108' title='bbox 1223 1833 1264 1895; x_wconf 89' lang='lat' dir='ltr'>ad</span> <span class='ocrx_word' id='word_1_109' title='bbox 1288 1834 1373 1916; x_wconf 91' lang='lat' dir='ltr'>ipsas</span> <span class='ocrx_word' id='word_1_110' title='bbox 1395 1831 1515 1896; x_wconf 88' lang='lat' dir='ltr'>totales</span> 
     </span>
     <span class='ocr_line' id='line_1_13' title="bbox 246 1937 1512 2022; baseline 0.002 -24"><span class='ocrx_word' id='word_1_111' title='bbox 246 1937 361 2000; x_wconf 89' lang='lat' dir='ltr'>domos</span> <span class='ocrx_word' id='word_1_112' title='bbox 384 1952 450 2001; x_wconf 90' lang='lat' dir='ltr'>tarn</span> <span class='ocrx_word' id='word_1_113' title='bbox 476 1953 616 2002; x_wconf 87' lang='lat' dir='ltr'>muratas</span> <span class='ocrx_word' id='word_1_114' title='bbox 649 1953 679 2002; x_wconf 92' lang='lat' dir='ltr'>et</span> <span class='ocrx_word' id='word_1_115' title='bbox 703 1939 835 2020; x_wconf 84' lang='lat' dir='ltr'>ligneas,</span> <span class='ocrx_word' id='word_1_116' title='bbox 868 1940 944 2022; x_wconf 88' lang='lat' dir='ltr'>ipsis</span> <span class='ocrx_word' id='word_1_117' title='bbox 973 1941 1131 2002; x_wconf 85' lang='lat' dir='ltr'>&#39;ambabus</span> <span class='ocrx_word' id='word_1_118' title='bbox 1162 1940 1306 2022; x_wconf 88' lang='lat' dir='ltr'>parribus</span> <span class='ocrx_word' id='word_1_119' title='bbox 1339 1953 1370 2001; x_wconf 86' lang='lat' dir='ltr'>et</span> <span class='ocrx_word' id='word_1_120' title='bbox 1394 1939 1512 2021; x_wconf 84' lang='lat' dir='ltr'>gradus</span> 
     </span>
     <span class='ocr_line' id='line_1_14' title="bbox 246 2023 1512 2128; baseline 0.002 -23"><span class='ocrx_word' id='word_1_121' title='bbox 246 2046 305 2106; x_wconf 91' lang='lat' dir='ltr'>sub</span> <span class='ocrx_word' id='word_1_122' title='bbox 330 2045 451 2107; x_wconf 89' lang='lat' dir='ltr'>eisdem</span> <span class='ocrx_word' id='word_1_123' title='bbox 476 2046 628 2108; x_wconf 91' lang='lat' dir='ltr'>domibus</span> <span class='ocrx_word' id='word_1_124' title='bbox 651 2046 768 2128; x_wconf 80' lang='lat' dir='ltr'>ligneis</span> <span class='ocrx_word' id='word_1_125' title='bbox 785 2023 946 2108; x_wconf 81' lang='lat' dir='ltr'>deservire</span> <span class='ocrx_word' id='word_1_126' title='bbox 969 2046 1141 2110; x_wconf 87' lang='lat' dir='ltr'>tenebitur.</span> <span class='ocrx_word' id='word_1_127' title='bbox 1167 2045 1244 2108; x_wconf 90' lang='lat' dir='ltr'>Item</span> <span class='ocrx_word' id='word_1_128' title='bbox 1261 2046 1400 2128; x_wconf 87' lang='lat' dir='ltr'>quedam</span> <span class='ocrx_word' id='word_1_129' title='bbox 1417 2046 1512 2108; x_wconf 91' lang='lat' dir='ltr'>vinea</span> 
     </span>
     <span class='ocr_line' id='line_1_15' title="bbox 247 2149 1508 2234; baseline 0.002 -22"><span class='ocrx_word' id='word_1_130' title='bbox 247 2149 545 2234; x_wconf 81' lang='lat' dir='ltr'>Chvrsseuynschalr</span> <span class='ocrx_word' id='word_1_131' title='bbox 563 2153 594 2214; x_wconf 94' lang='lat' dir='ltr'>in</span> <span class='ocrx_word' id='word_1_132' title='bbox 622 2153 783 2214; x_wconf 91' lang='lat' dir='ltr'>territorio</span> <span class='ocrx_word' id='word_1_133' title='bbox 808 2153 891 2214; x_wconf 89' lang='lat' dir='ltr'>dicte</span> <span class='ocrx_word' id='word_1_134' title='bbox 916 2153 1052 2214; x_wconf 89' lang='lat' dir='ltr'>civitatis</span> <span class='ocrx_word' id='word_1_135' title='bbox 1068 2151 1186 2231; x_wconf 87' lang='lat' dir='ltr'>habita,</span> <span class='ocrx_word' id='word_1_136' title='bbox 1211 2153 1270 2214; x_wconf 92' lang='lat' dir='ltr'>sub</span> <span class='ocrx_word' id='word_1_137' title='bbox 1295 2153 1388 2214; x_wconf 90' lang='lat' dir='ltr'>metis</span> <span class='ocrx_word' id='word_1_138' title='bbox 1412 2150 1508 2214; x_wconf 84' lang='lat' dir='ltr'>infra·</span> 
     </span>
     <span class='ocr_line' id='line_1_16' title="bbox 244 2257 1509 2340; baseline 0.002 -22"><span class='ocrx_word' id='word_1_139' title='bbox 244 2257 381 2339; x_wconf 86' lang='lat' dir='ltr'>scriptis,</span> <span class='ocrx_word' id='word_1_140' title='bbox 413 2273 489 2340; x_wconf 89' lang='lat' dir='ltr'>puta</span> <span class='ocrx_word' id='word_1_141' title='bbox 522 2259 708 2340; x_wconf 90' lang='lat' dir='ltr'>incipiendo</span> <span class='ocrx_word' id='word_1_142' title='bbox 739 2259 876 2340; x_wconf 85' lang='lat' dir='ltr'>desuper</span> <span class='ocrx_word' id='word_1_143' title='bbox 907 2279 924 2319; x_wconf 89' lang='lat' dir='ltr'>a</span> <span class='ocrx_word' id='word_1_144' title='bbox 956 2259 1007 2319; x_wconf 93' lang='lat' dir='ltr'>via</span> <span class='ocrx_word' id='word_1_145' title='bbox 1038 2258 1204 2320; x_wconf 87' lang='lat' dir='ltr'>communi</span> <span class='ocrx_word' id='word_1_146' title='bbox 1238 2258 1509 2320; x_wconf 87' lang='lat' dir='ltr'>circumvicinas</span> 
     </span>
     <span class='ocr_line' id='line_1_17' title="bbox 244 2363 1506 2447; baseline 0.002 -23"><span class='ocrx_word' id='word_1_147' title='bbox 244 2377 332 2444; x_wconf 92' lang='lat' dir='ltr'>parte</span> <span class='ocrx_word' id='word_1_148' title='bbox 356 2364 504 2426; x_wconf 87' lang='lat' dir='ltr'>orientali</span> <span class='ocrx_word' id='word_1_149' title='bbox 521 2365 658 2447; x_wconf 79' lang='lat' dir='ltr'>desuper</span> <span class='ocrx_word' id='word_1_150' title='bbox 673 2365 810 2426; x_wconf 89' lang='lat' dir='ltr'>eandem</span> <span class='ocrx_word' id='word_1_151' title='bbox 834 2365 962 2425; x_wconf 89' lang='lat' dir='ltr'>vineam</span> <span class='ocrx_word' id='word_1_152' title='bbox 980 2363 1297 2446; x_wconf 89' lang='lat' dir='ltr'>Cwsseuynchschak</span> <span class='ocrx_word' id='word_1_153' title='bbox 1322 2364 1440 2442; x_wconf 92' lang='lat' dir='ltr'>habita,</span> <span class='ocrx_word' id='word_1_154' title='bbox 1466 2365 1506 2426; x_wconf 91' lang='lat' dir='ltr'>ab</span> 
     </span>
     <span class='ocr_line' id='line_1_18' title="bbox 244 2469 1511 2553; baseline 0.003 -24"><span class='ocrx_word' id='word_1_155' title='bbox 244 2469 355 2531; x_wconf 91' lang='lat' dir='ltr'>eadem</span> <span class='ocrx_word' id='word_1_156' title='bbox 381 2470 432 2532; x_wconf 91' lang='lat' dir='ltr'>via</span> <span class='ocrx_word' id='word_1_157' title='bbox 456 2469 629 2533; x_wconf 86' lang='lat' dir='ltr'>reflectitur</span> <span class='ocrx_word' id='word_1_158' title='bbox 653 2470 693 2532; x_wconf 94' lang='lat' dir='ltr'>ad</span> <span class='ocrx_word' id='word_1_159' title='bbox 718 2483 840 2553; x_wconf 88' lang='lat' dir='ltr'>partem</span> <span class='ocrx_word' id='word_1_160' title='bbox 875 2470 1109 2532; x_wconf 88' lang='lat' dir='ltr'>occidentalem</span> <span class='ocrx_word' id='word_1_161' title='bbox 1134 2469 1341 2553; x_wconf 91' lang='lat' dir='ltr'>procedendo</span> <span class='ocrx_word' id='word_1_162' title='bbox 1364 2470 1511 2552; x_wconf 90' lang='lat' dir='ltr'>pervenit</span> 
     </span>
     <span class='ocr_line' id='line_1_19' title="bbox 244 2575 1510 2660; baseline 0.002 -23"><span class='ocrx_word' id='word_1_163' title='bbox 244 2575 284 2637; x_wconf 90' lang='lat' dir='ltr'>ad</span> <span class='ocrx_word' id='word_1_164' title='bbox 309 2577 472 2658; x_wconf 92' lang='lat' dir='ltr'>quandam</span> <span class='ocrx_word' id='word_1_165' title='bbox 497 2579 644 2639; x_wconf 89' lang='lat' dir='ltr'>arborem</span> <span class='ocrx_word' id='word_1_166' title='bbox 681 2577 741 2659; x_wconf 90' lang='lat' dir='ltr'>piri</span> <span class='ocrx_word' id='word_1_167' title='bbox 778 2577 957 2658; x_wconf 88' lang='lat' dir='ltr'>plantulam</span> <span class='ocrx_word' id='word_1_168' title='bbox 989 2577 1088 2658; x_wconf 84' lang='lat' dir='ltr'>vulgo</span> <span class='ocrx_word' id='word_1_169' title='bbox 1120 2579 1215 2660; x_wconf 84' lang='lat' dir='ltr'>teplta</span> <span class='ocrx_word' id='word_1_170' title='bbox 1240 2577 1369 2656; x_wconf 90' lang='lat' dir='ltr'>dictam,</span> <span class='ocrx_word' id='word_1_171' title='bbox 1394 2576 1510 2639; x_wconf 80' lang='lat' dir='ltr'>abhinc</span> 
     </span>
     <span class='ocr_line' id='line_1_20' title="bbox 244 2683 1509 2766; baseline 0.001 -23"><span class='ocrx_word' id='word_1_172' title='bbox 244 2683 379 2746; x_wconf 89' lang='lat' dir='ltr'>ulterius</span> <span class='ocrx_word' id='word_1_173' title='bbox 403 2683 610 2765; x_wconf 87' lang='lat' dir='ltr'>procedendo</span> <span class='ocrx_word' id='word_1_174' title='bbox 634 2685 675 2745; x_wconf 92' lang='lat' dir='ltr'>ad</span> <span class='ocrx_word' id='word_1_175' title='bbox 707 2684 844 2746; x_wconf 90' lang='lat' dir='ltr'>eandem</span> <span class='ocrx_word' id='word_1_176' title='bbox 878 2697 1001 2766; x_wconf 90' lang='lat' dir='ltr'>partem</span> <span class='ocrx_word' id='word_1_177' title='bbox 1033 2684 1267 2748; x_wconf 91' lang='lat' dir='ltr'>occidentalem</span> <span class='ocrx_word' id='word_1_178' title='bbox 1299 2683 1509 2766; x_wconf 88' lang='lat' dir='ltr'>pervenitad</span> 
     </span>
     <span class='ocr_line' id='line_1_21' title="bbox 245 2789 1509 2870; baseline 0.001 -21"><span class='ocrx_word' id='word_1_179' title='bbox 245 2789 407 2869; x_wconf 89' lang='lat' dir='ltr'>quandam</span> <span class='ocrx_word' id='word_1_180' title='bbox 432 2791 579 2852; x_wconf 90' lang='lat' dir='ltr'>arborem</span> <span class='ocrx_word' id='word_1_181' title='bbox 605 2790 715 2870; x_wconf 92' lang='lat' dir='ltr'>querci</span> <span class='ocrx_word' id='word_1_182' title='bbox 740 2809 832 2852; x_wconf 91' lang='lat' dir='ltr'>cruce</span> <span class='ocrx_word' id='word_1_183' title='bbox 854 2790 1023 2870; x_wconf 82' lang='lat' dir='ltr'>signatam,</span> <span class='ocrx_word' id='word_1_184' title='bbox 1048 2789 1165 2852; x_wconf 90' lang='lat' dir='ltr'>deinde</span> <span class='ocrx_word' id='word_1_185' title='bbox 1183 2789 1381 2852; x_wconf 70' lang='lat' dir='ltr'>ulterius&#39;ad</span> <span class='ocrx_word' id='word_1_186' title='bbox 1407 2808 1509 2870; x_wconf 89' lang='lat' dir='ltr'>quau-</span> 
     </span>
     <span class='ocr_line' id='line_1_22' title="bbox 244 2894 1507 2978; baseline 0.002 -23"><span class='ocrx_word' id='word_1_187' title='bbox 244 2894 317 2958; x_wconf 85' lang='lat' dir='ltr'>dam</span> <span class='ocrx_word' id='word_1_188' title='bbox 343 2895 439 2958; x_wconf 87' lang='lat' dir='ltr'>aliam</span> <span class='ocrx_word' id='word_1_189' title='bbox 463 2897 611 2958; x_wconf 90' lang='lat' dir='ltr'>arborem</span> <span class='ocrx_word' id='word_1_190' title='bbox 636 2895 747 2978; x_wconf 89' lang='lat' dir='ltr'>querci</span> <span class='ocrx_word' id='word_1_191' title='bbox 771 2897 979 2978; x_wconf 86' lang='lat' dir='ltr'>prope&#39;viam</span> <span class='ocrx_word' id='word_1_192' title='bbox 1006 2915 1213 2958; x_wconf 90' lang='lat' dir='ltr'>communem</span> <span class='ocrx_word' id='word_1_193' title='bbox 1238 2910 1268 2958; x_wconf 90' lang='lat' dir='ltr'>er</span> <span class='ocrx_word' id='word_1_194' title='bbox 1292 2915 1348 2978; x_wconf 87' lang='lat' dir='ltr'>per</span> <span class='ocrx_word' id='word_1_195' title='bbox 1372 2896 1507 2958; x_wconf 90' lang='lat' dir='ltr'>eandem</span> 
     </span>
     <span class='ocr_line' id='line_1_23' title="bbox 243 3000 1507 3085; baseline 0.002 -24"><span class='ocrx_word' id='word_1_196' title='bbox 243 3001 329 3064; x_wconf 90' lang='lat' dir='ltr'>viam</span> <span class='ocrx_word' id='word_1_197' title='bbox 353 3001 527 3065; x_wconf 87' lang='lat' dir='ltr'>reflectitur</span> <span class='ocrx_word' id='word_1_198' title='bbox 550 3001 590 3064; x_wconf 91' lang='lat' dir='ltr'>ad</span> <span class='ocrx_word' id='word_1_199' title='bbox 615 3015 737 3085; x_wconf 92' lang='lat' dir='ltr'>partem</span> <span class='ocrx_word' id='word_1_200' title='bbox 756 3002 946 3064; x_wconf 88' lang='lat' dir='ltr'>orientalem</span> <span class='ocrx_word' id='word_1_201' title='bbox 968 3022 1065 3084; x_wconf 89' lang='lat' dir='ltr'>penes</span> <span class='ocrx_word' id='word_1_202' title='bbox 1083 3001 1219 3064; x_wconf 90' lang='lat' dir='ltr'>eandem</span> <span class='ocrx_word' id='word_1_203' title='bbox 1243 3003 1370 3064; x_wconf 89' lang='lat' dir='ltr'>vineam</span> <span class='ocrx_word' id='word_1_204' title='bbox 1395 3000 1507 3064; x_wconf 89' lang='lat' dir='ltr'>Chws·</span> 
     </span>
     <span class='ocr_line' id='line_1_24' title="bbox 243 3108 1508 3191; baseline 0 -22"><span class='ocrx_word' id='word_1_205' title='bbox 243 3108 433 3172; x_wconf 86' lang='lat' dir='ltr'>seuinschalr</span> <span class='ocrx_word' id='word_1_206' title='bbox 458 3122 490 3172; x_wconf 93' lang='lat' dir='ltr'>et</span> <span class='ocrx_word' id='word_1_207' title='bbox 514 3110 661 3191; x_wconf 88' lang='lat' dir='ltr'>pervenit</span> <span class='ocrx_word' id='word_1_208' title='bbox 685 3109 725 3170; x_wconf 94' lang='lat' dir='ltr'>ad</span> <span class='ocrx_word' id='word_1_209' title='bbox 743 3109 878 3172; x_wconf 87' lang='lat' dir='ltr'>eandem</span> <span class='ocrx_word' id='word_1_210' title='bbox 897 3110 982 3171; x_wconf 91' lang='lat' dir='ltr'>viam</span> <span class='ocrx_word' id='word_1_211' title='bbox 1007 3109 1128 3171; x_wconf 89' lang='lat' dir='ltr'>eisdem</span> <span class='ocrx_word' id='word_1_212' title='bbox 1146 3109 1248 3170; x_wconf 90' lang='lat' dir='ltr'>vineis</span> <span class='ocrx_word' id='word_1_213' title='bbox 1272 3109 1508 3172; x_wconf 90' lang='lat' dir='ltr'>circumvicinis</span> 
     </span>
     <span class='ocr_line' id='line_1_25' title="bbox 242 3215 1508 3297; baseline -0.005 -15"><span class='ocrx_word' id='word_1_214' title='bbox 242 3227 274 3282; x_wconf 73' lang='lat' dir='ltr'>st</span> <span class='ocrx_word' id='word_1_215' title='bbox 297 3233 505 3278; x_wconf 90' lang='lat' dir='ltr'>communem</span> <span class='ocrx_word' id='word_1_216' title='bbox 531 3215 777 3280; x_wconf 87' lang='lat' dir='ltr'>deservientem.</span> <span class='ocrx_word' id='word_1_217' title='bbox 803 3215 881 3277; x_wconf 90' lang='lat' dir='ltr'>ltem</span> <span class='ocrx_word' id='word_1_218' title='bbox 906 3215 1045 3296; x_wconf 91' lang='lat' dir='ltr'>quedam</span> <span class='ocrx_word' id='word_1_219' title='bbox 1074 3217 1154 3276; x_wconf 89' lang='lat' dir='ltr'>silva</span> <span class='ocrx_word' id='word_1_220' title='bbox 1179 3235 1242 3297; x_wconf 92' lang='lat' dir='ltr'>que</span> <span class='ocrx_word' id='word_1_221' title='bbox 1267 3217 1404 3278; x_wconf 87' lang='lat' dir='ltr'>condam</span> <span class='ocrx_word' id='word_1_222' title='bbox 1429 3215 1508 3276; x_wconf 90' lang='lat' dir='ltr'>libe-</span> 
     </span>
     <span class='ocr_line' id='line_1_26' title="bbox 244 3321 1508 3404; baseline 0.002 -22"><span class='ocrx_word' id='word_1_223' title='bbox 244 3341 351 3384; x_wconf 89' lang='lat' dir='ltr'>rorum</span> <span class='ocrx_word' id='word_1_224' title='bbox 378 3321 508 3384; x_wconf 89' lang='lat' dir='ltr'>Thome</span> <span class='ocrx_word' id='word_1_225' title='bbox 531 3321 589 3384; x_wconf 85' lang='lat' dir='ltr'>filii</span> <span class='ocrx_word' id='word_1_226' title='bbox 616 3321 723 3384; x_wconf 91' lang='lat' dir='ltr'>Choni</span> <span class='ocrx_word' id='word_1_227' title='bbox 740 3322 818 3384; x_wconf 90' lang='lat' dir='ltr'>olim</span> <span class='ocrx_word' id='word_1_228' title='bbox 841 3321 934 3404; x_wconf 87' lang='lat' dir='ltr'>jurati</span> <span class='ocrx_word' id='word_1_229' title='bbox 953 3336 984 3384; x_wconf 90' lang='lat' dir='ltr'>et</span> <span class='ocrx_word' id='word_1_230' title='bbox 1001 3323 1143 3384; x_wconf 91' lang='lat' dir='ltr'>concivis</span> <span class='ocrx_word' id='word_1_231' title='bbox 1166 3323 1265 3384; x_wconf 89' lang='lat' dir='ltr'>nostri</span> <span class='ocrx_word' id='word_1_232' title='bbox 1290 3323 1321 3383; x_wconf 92' lang='lat' dir='ltr'>in</span> <span class='ocrx_word' id='word_1_233' title='bbox 1347 3322 1508 3384; x_wconf 91' lang='lat' dir='ltr'>territorio</span> 
     </span>
     <span class='ocr_line' id='line_1_27' title="bbox 245 3429 1509 3513; baseline 0 -23"><span class='ocrx_word' id='word_1_234' title='bbox 245 3429 328 3492; x_wconf 87' lang='lat' dir='ltr'>dicte</span> <span class='ocrx_word' id='word_1_235' title='bbox 354 3431 491 3493; x_wconf 89' lang='lat' dir='ltr'>civitatis</span> <span class='ocrx_word' id='word_1_236' title='bbox 515 3430 676 3513; x_wconf 86' lang='lat' dir='ltr'>empticia‚</span> <span class='ocrx_word' id='word_1_237' title='bbox 693 3431 752 3492; x_wconf 93' lang='lat' dir='ltr'>sub</span> <span class='ocrx_word' id='word_1_238' title='bbox 770 3429 864 3491; x_wconf 91' lang='lat' dir='ltr'>metis</span> <span class='ocrx_word' id='word_1_239' title='bbox 889 3430 920 3490; x_wconf 93' lang='lat' dir='ltr'>in</span> <span class='ocrx_word' id='word_1_240' title='bbox 939 3429 1010 3490; x_wconf 91' lang='lat' dir='ltr'>aliis</span> <span class='ocrx_word' id='word_1_241' title='bbox 1026 3429 1127 3491; x_wconf 91' lang='lat' dir='ltr'>literis</span> <span class='ocrx_word' id='word_1_242' title='bbox 1144 3429 1400 3510; x_wconf 83' lang='lat' dir='ltr'>privilegialrbus</span> <span class='ocrx_word' id='word_1_243' title='bbox 1424 3429 1509 3490; x_wconf 88' lang='lat' dir='ltr'>dicte</span> 
     </span>
     <span class='ocr_line' id='line_1_28' title="bbox 246 3533 1506 3616; baseline -0.002 -18"><span class='ocrx_word' id='word_1_244' title='bbox 246 3536 382 3602; x_wconf 90' lang='lat' dir='ltr'>civitatis</span> <span class='ocrx_word' id='word_1_245' title='bbox 404 3537 563 3599; x_wconf 89' lang='lat' dir='ltr'>contentis</span> <span class='ocrx_word' id='word_1_246' title='bbox 586 3536 705 3600; x_wconf 89' lang='lat' dir='ltr'>habita.</span> <span class='ocrx_word' id='word_1_247' title='bbox 730 3535 806 3599; x_wconf 90' lang='lat' dir='ltr'>ltem</span> <span class='ocrx_word' id='word_1_248' title='bbox 833 3535 965 3616; x_wconf 90' lang='lat' dir='ltr'>quidam</span> <span class='ocrx_word' id='word_1_249' title='bbox 991 3533 1126 3616; x_wconf 79' lang='lat' dir='ltr'>(hlortus</span> <span class='ocrx_word' id='word_1_250' title='bbox 1151 3553 1249 3616; x_wconf 84' lang='lat' dir='ltr'>penes</span> <span class='ocrx_word' id='word_1_251' title='bbox 1274 3534 1428 3616; x_wconf 81' lang='lat' dir='ltr'>(hlortum</span> <span class='ocrx_word' id='word_1_252' title='bbox 1454 3535 1506 3596; x_wconf 94' lang='lat' dir='ltr'>Jo-</span> 
     </span>
     <span class='ocr_line' id='line_1_29' title="bbox 245 3639 1508 3722; baseline -0.001 -19"><span class='ocrx_word' id='word_1_253' title='bbox 245 3641 360 3704; x_wconf 90' lang='lat' dir='ltr'>hannis</span> <span class='ocrx_word' id='word_1_254' title='bbox 392 3643 545 3706; x_wconf 89' lang='lat' dir='ltr'>Gurtbler</span> <span class='ocrx_word' id='word_1_255' title='bbox 576 3657 607 3704; x_wconf 92' lang='lat' dir='ltr'>et</span> <span class='ocrx_word' id='word_1_256' title='bbox 638 3642 770 3704; x_wconf 91' lang='lat' dir='ltr'>domiue</span> <span class='ocrx_word' id='word_1_257' title='bbox 803 3640 1004 3722; x_wconf 86' lang='lat' dir='ltr'>Margarethe</span> <span class='ocrx_word' id='word_1_258' title='bbox 1036 3639 1144 3702; x_wconf 86' lang='lat' dir='ltr'>relicte</span> <span class='ocrx_word' id='word_1_259' title='bbox 1179 3640 1276 3700; x_wconf 90' lang='lat' dir='ltr'>Blasii</span> <span class='ocrx_word' id='word_1_260' title='bbox 1309 3639 1424 3721; x_wconf 89' lang='lat' dir='ltr'>judicis</span> <span class='ocrx_word' id='word_1_261' title='bbox 1449 3642 1508 3702; x_wconf 89' lang='lat' dir='ltr'>sub</span> 
     </span>
     <span class='ocr_line' id='line_1_30' title="bbox 245 3745 1510 3830; baseline -0.002 -20"><span class='ocrx_word' id='word_1_262' title='bbox 245 3768 338 3811; x_wconf 92' lang='lat' dir='ltr'>muro</span> <span class='ocrx_word' id='word_1_263' title='bbox 362 3749 445 3812; x_wconf 87' lang='lat' dir='ltr'>dicte</span> <span class='ocrx_word' id='word_1_264' title='bbox 467 3750 603 3812; x_wconf 92' lang='lat' dir='ltr'>civitatis</span> <span class='ocrx_word' id='word_1_265' title='bbox 627 3749 763 3810; x_wconf 90' lang='lat' dir='ltr'>habitus.</span> <span class='ocrx_word' id='word_1_266' title='bbox 789 3747 867 3809; x_wconf 88' lang='lat' dir='ltr'>Item</span> <span class='ocrx_word' id='word_1_267' title='bbox 892 3747 1023 3830; x_wconf 86' lang='lat' dir='ltr'>quidam</span> <span class='ocrx_word' id='word_1_268' title='bbox 1055 3761 1117 3807; x_wconf 89' lang='lat' dir='ltr'>tres</span> <span class='ocrx_word' id='word_1_269' title='bbox 1141 3745 1233 3810; x_wconf 89' lang='lat' dir='ltr'>fundi</span> <span class='ocrx_word' id='word_1_270' title='bbox 1265 3765 1322 3806; x_wconf 92' lang='lat' dir='ltr'>seu</span> <span class='ocrx_word' id='word_1_271' title='bbox 1346 3746 1510 3808; x_wconf 85' lang='lat' dir='ltr'>sessiones</span> 
     </span>
     <span class='ocr_line' id='line_1_31' title="bbox 244 3853 1508 3938; baseline -0.002 -21"><span class='ocrx_word' id='word_1_272' title='bbox 244 3853 467 3938; x_wconf 82' lang='lat' dir='ltr'>jobagionales</span> <span class='ocrx_word' id='word_1_273' title='bbox 491 3856 522 3920; x_wconf 94' lang='lat' dir='ltr'>in</span> <span class='ocrx_word' id='word_1_274' title='bbox 554 3856 717 3918; x_wconf 90' lang='lat' dir='ltr'>territorio</span> <span class='ocrx_word' id='word_1_275' title='bbox 750 3853 833 3917; x_wconf 89' lang='lat' dir='ltr'>dicte</span> <span class='ocrx_word' id='word_1_276' title='bbox 865 3854 1000 3916; x_wconf 89' lang='lat' dir='ltr'>civitatis</span> <span class='ocrx_word' id='word_1_277' title='bbox 1028 3853 1060 3916; x_wconf 95' lang='lat' dir='ltr'>in</span> <span class='ocrx_word' id='word_1_278' title='bbox 1093 3853 1170 3914; x_wconf 94' lang='lat' dir='ltr'>villa</span> <span class='ocrx_word' id='word_1_279' title='bbox 1194 3853 1371 3934; x_wconf 87' lang='lat' dir='ltr'>Pobressya</span> <span class='ocrx_word' id='word_1_280' title='bbox 1397 3865 1508 3914; x_wconf 88' lang='lat' dir='ltr'>vocata</span> 
     </span>
     <span class='ocr_line' id='line_1_32' title="bbox 245 3956 1507 4042; baseline -0.004 -19"><span class='ocrx_word' id='word_1_281' title='bbox 245 3963 329 4042; x_wconf 84' lang='lat' dir='ltr'>juxta</span> <span class='ocrx_word' id='word_1_282' title='bbox 354 3962 489 4026; x_wconf 91' lang='lat' dir='ltr'>fluvium</span> <span class='ocrx_word' id='word_1_283' title='bbox 515 3964 610 4024; x_wconf 89' lang='lat' dir='ltr'>Zawe</span> <span class='ocrx_word' id='word_1_284' title='bbox 634 3963 716 4024; x_wconf 91' lang='lat' dir='ltr'>inter</span> <span class='ocrx_word' id='word_1_285' title='bbox 732 3961 890 4024; x_wconf 89' lang='lat' dir='ltr'>sessiones</span> <span class='ocrx_word' id='word_1_286' title='bbox 907 3975 937 4022; x_wconf 90' lang='lat' dir='ltr'>et</span> <span class='ocrx_word' id='word_1_287' title='bbox 955 3959 1073 4022; x_wconf 82' lang='lat' dir='ltr'>fundos</span> <span class='ocrx_word' id='word_1_288' title='bbox 1097 3959 1188 4022; x_wconf 85' lang='lat' dir='ltr'>Pauli</span> <span class='ocrx_word' id='word_1_289' title='bbox 1213 3956 1365 4020; x_wconf 82' lang='lat' dir='ltr'>aurifabri</span> <span class='ocrx_word' id='word_1_290' title='bbox 1391 3971 1422 4018; x_wconf 90' lang='lat' dir='ltr'>et</span> <span class='ocrx_word' id='word_1_291' title='bbox 1437 3977 1507 4019; x_wconf 91' lang='lat' dir='ltr'>suc·</span> 
     </span>
     <span class='ocr_line' id='line_1_33' title="bbox 244 4062 1505 4148; baseline -0.003 -18"><span class='ocrx_word' id='word_1_292' title='bbox 244 4089 405 4133; x_wconf 88' lang='lat' dir='ltr'>cessorum</span> <span class='ocrx_word' id='word_1_293' title='bbox 431 4069 569 4132; x_wconf 87' lang='lat' dir='ltr'>condam</span> <span class='ocrx_word' id='word_1_294' title='bbox 595 4069 762 4132; x_wconf 89' lang='lat' dir='ltr'>Michaelis</span> <span class='ocrx_word' id='word_1_295' title='bbox 792 4067 908 4148; x_wconf 88' lang='lat' dir='ltr'>judicis</span> <span class='ocrx_word' id='word_1_296' title='bbox 933 4067 1111 4128; x_wconf 88' lang='lat' dir='ltr'>Sebastiani</span> <span class='ocrx_word' id='word_1_297' title='bbox 1145 4077 1176 4127; x_wconf 90' lang='lat' dir='ltr'>et</span> <span class='ocrx_word' id='word_1_298' title='bbox 1200 4062 1313 4146; x_wconf 82' lang='lat' dir='ltr'>prefati</span> <span class='ocrx_word' id='word_1_299' title='bbox 1339 4063 1505 4126; x_wconf 88' lang='lat' dir='ltr'>Michaelis</span> 
     </span>
     <span class='ocr_line' id='line_1_34' title="bbox 243 4170 1510 4258; baseline -0.002 -23"><span class='ocrx_word' id='word_1_300' title='bbox 243 4173 348 4257; x_wconf 90' lang='lat' dir='ltr'>jurati,</span> <span class='ocrx_word' id='word_1_301' title='bbox 373 4175 469 4236; x_wconf 90' lang='lat' dir='ltr'>simul</span> <span class='ocrx_word' id='word_1_302' title='bbox 494 4195 567 4237; x_wconf 93' lang='lat' dir='ltr'>cum</span> <span class='ocrx_word' id='word_1_303' title='bbox 585 4173 712 4258; x_wconf 76' lang='lat' dir='ltr'>(hlortis</span> <span class='ocrx_word' id='word_1_304' title='bbox 736 4187 767 4236; x_wconf 92' lang='lat' dir='ltr'>et</span> <span class='ocrx_word' id='word_1_305' title='bbox 787 4174 879 4236; x_wconf 88' lang='lat' dir='ltr'>terris</span> <span class='ocrx_word' id='word_1_306' title='bbox 895 4173 1070 4234; x_wconf 87' lang='lat' dir='ltr'>arabilibus</span> <span class='ocrx_word' id='word_1_307' title='bbox 1088 4185 1146 4235; x_wconf 89' lang='lat' dir='ltr'>etc.</span> <span class='ocrx_word' id='word_1_308' title='bbox 1172 4171 1250 4233; x_wconf 88' lang='lat' dir='ltr'>ltem</span> <span class='ocrx_word' id='word_1_309' title='bbox 1268 4170 1407 4252; x_wconf 88' lang='lat' dir='ltr'>quedam</span> <span class='ocrx_word' id='word_1_310' title='bbox 1425 4175 1510 4232; x_wconf 90' lang='lat' dir='ltr'>terra&#39;</span> 
     </span>
     <span class='ocr_line' id='line_1_35' title="bbox 244 4275 1507 4343; baseline -0.002 -2"><span class='ocrx_word' id='word_1_311' title='bbox 244 4280 372 4341; x_wconf 89' lang='lat' dir='ltr'>arabilis</span> <span class='ocrx_word' id='word_1_312' title='bbox 397 4281 428 4342; x_wconf 96' lang='lat' dir='ltr'>in</span> <span class='ocrx_word' id='word_1_313' title='bbox 453 4281 614 4343; x_wconf 92' lang='lat' dir='ltr'>territorio</span> <span class='ocrx_word' id='word_1_314' title='bbox 638 4281 723 4342; x_wconf 89' lang='lat' dir='ltr'>dicte</span> <span class='ocrx_word' id='word_1_315' title='bbox 741 4280 877 4342; x_wconf 90' lang='lat' dir='ltr'>civitatis</span> <span class='ocrx_word' id='word_1_316' title='bbox 901 4281 983 4340; x_wconf 90' lang='lat' dir='ltr'>inter</span> <span class='ocrx_word' id='word_1_317' title='bbox 999 4293 1097 4341; x_wconf 88' lang='lat' dir='ltr'>terras</span> <span class='ocrx_word' id='word_1_318' title='bbox 1121 4296 1343 4340; x_wconf 90' lang='lat' dir='ltr'>successorum</span> <span class='ocrx_word' id='word_1_319' title='bbox 1368 4275 1507 4338; x_wconf 91' lang='lat' dir='ltr'>condam</span> 
     </span>
     <span class='ocr_line' id='line_1_36' title="bbox 243 4383 1507 4469; baseline -0.003 -21"><span class='ocrx_word' id='word_1_320' title='bbox 243 4386 403 4469; x_wconf 87' lang='lat' dir='ltr'>Soldynar</span> <span class='ocrx_word' id='word_1_321' title='bbox 414 4399 445 4448; x_wconf 89' lang='lat' dir='ltr'>ct</span> <span class='ocrx_word' id='word_1_322' title='bbox 454 4401 569 4451; x_wconf 90' lang='lat' dir='ltr'>terram</span> <span class='ocrx_word' id='word_1_323' title='bbox 580 4385 738 4468; x_wconf 89' lang='lat' dir='ltr'>(ecclesie)</span> <span class='ocrx_word' id='word_1_324' title='bbox 749 4387 840 4448; x_wconf 89' lang='lat' dir='ltr'>beate</span> <span class='ocrx_word' id='word_1_325' title='bbox 851 4385 1050 4466; x_wconf 83' lang='lat' dir='ltr'>Margarethc</span> <span class='ocrx_word' id='word_1_326' title='bbox 1060 4398 1090 4446; x_wconf 89' lang='lat' dir='ltr'>et</span> <span class='ocrx_word' id='word_1_327' title='bbox 1101 4399 1217 4446; x_wconf 91' lang='lat' dir='ltr'>terram</span> <span class='ocrx_word' id='word_1_328' title='bbox 1228 4383 1359 4444; x_wconf 88' lang='lat' dir='ltr'>domine</span> <span class='ocrx_word' id='word_1_329' title='bbox 1371 4383 1507 4444; x_wconf 84' lang='lat' dir='ltr'>Barbare</span> 
     </span>
     <span class='ocr_line' id='line_1_37' title="bbox 241 4489 1509 4575; baseline -0.006 -19"><span class='ocrx_word' id='word_1_330' title='bbox 241 4491 307 4558; x_wconf 88' lang='lat' dir='ltr'>filie</span> <span class='ocrx_word' id='word_1_331' title='bbox 333 4493 433 4575; x_wconf 91' lang='lat' dir='ltr'>ipsius</span> <span class='ocrx_word' id='word_1_332' title='bbox 458 4493 625 4556; x_wconf 84' lang='lat' dir='ltr'>Michaelis</span> <span class='ocrx_word' id='word_1_333' title='bbox 650 4493 830 4556; x_wconf 87' lang='lat' dir='ltr'>Sebastiani</span> <span class='ocrx_word' id='word_1_334' title='bbox 864 4507 895 4553; x_wconf 90' lang='lat' dir='ltr'>er</span> <span class='ocrx_word' id='word_1_335' title='bbox 918 4492 1056 4554; x_wconf 88' lang='lat' dir='ltr'>aliorum</span> <span class='ocrx_word' id='word_1_336' title='bbox 1089 4490 1280 4568; x_wconf 89' lang='lat' dir='ltr'>vicinorum,</span> <span class='ocrx_word' id='word_1_337' title='bbox 1305 4489 1449 4570; x_wconf 89' lang='lat' dir='ltr'>quinque</span> <span class='ocrx_word' id='word_1_338' title='bbox 1474 4501 1509 4549; x_wconf 94' lang='lat' dir='ltr'>ut</span> 
     </span>
     <span class='ocr_line' id='line_1_38' title="bbox 241 4594 1507 4679; baseline -0.006 -16"><span class='ocrx_word' id='word_1_339' title='bbox 241 4599 360 4668; x_wconf 85' lang='lat' dir='ltr'>dicitur</span> <span class='ocrx_word' id='word_1_340' title='bbox 383 4600 484 4662; x_wconf 91' lang='lat' dir='ltr'>dietas</span> <span class='ocrx_word' id='word_1_341' title='bbox 507 4612 591 4664; x_wconf 91' lang='lat' dir='ltr'>terre</span> <span class='ocrx_word' id='word_1_342' title='bbox 616 4599 648 4660; x_wconf 90' lang='lat' dir='ltr'>in</span> <span class='ocrx_word' id='word_1_343' title='bbox 673 4619 706 4661; x_wconf 90' lang='lat' dir='ltr'>se</span> <span class='ocrx_word' id='word_1_344' title='bbox 731 4599 901 4662; x_wconf 90' lang='lat' dir='ltr'>continens</span> <span class='ocrx_word' id='word_1_345' title='bbox 917 4597 968 4660; x_wconf 91' lang='lat' dir='ltr'>vel</span> <span class='ocrx_word' id='word_1_346' title='bbox 986 4598 1073 4676; x_wconf 88' lang='lat' dir='ltr'>citra,</span> <span class='ocrx_word' id='word_1_347' title='bbox 1091 4608 1186 4679; x_wconf 93' lang='lat' dir='ltr'>prout</span> <span class='ocrx_word' id='word_1_348' title='bbox 1210 4595 1270 4656; x_wconf 94' lang='lat' dir='ltr'>hoc</span> <span class='ocrx_word' id='word_1_349' title='bbox 1288 4596 1322 4656; x_wconf 94' lang='lat' dir='ltr'>in</span> <span class='ocrx_word' id='word_1_350' title='bbox 1345 4594 1507 4676; x_wconf 90' lang='lat' dir='ltr'>prioribus</span> 
     </span>
     <span class='ocr_line' id='line_1_39' title="bbox 240 4701 1510 4790; baseline -0.003 -22"><span class='ocrx_word' id='word_1_351' title='bbox 240 4707 342 4770; x_wconf 90' lang='lat' dir='ltr'>literis</span> <span class='ocrx_word' id='word_1_352' title='bbox 366 4707 623 4790; x_wconf 81' lang='lat' dir='ltr'>privilegialibus</span> <span class='ocrx_word' id='word_1_353' title='bbox 656 4707 850 4770; x_wconf 90' lang='lat' dir='ltr'>continetur.</span> <span class='ocrx_word' id='word_1_354' title='bbox 883 4705 960 4768; x_wconf 88' lang='lat' dir='ltr'>ltem</span> <span class='ocrx_word' id='word_1_355' title='bbox 994 4704 1133 4785; x_wconf 90' lang='lat' dir='ltr'>quedam</span> <span class='ocrx_word' id='word_1_356' title='bbox 1167 4702 1228 4764; x_wconf 90' lang='lat' dir='ltr'>alie</span> <span class='ocrx_word' id='word_1_357' title='bbox 1261 4701 1324 4763; x_wconf 88' lang='lat' dir='ltr'>due</span> <span class='ocrx_word' id='word_1_358' title='bbox 1349 4701 1510 4765; x_wconf 85' lang='lat' dir='ltr'>sessiones</span> 
     </span>
     <span class='ocr_line' id='line_1_40' title="bbox 240 4807 1504 4896; baseline -0.006 -21"><span class='ocrx_word' id='word_1_359' title='bbox 240 4814 463 4896; x_wconf 84' lang='lat' dir='ltr'>jobagionales</span> <span class='ocrx_word' id='word_1_360' title='bbox 487 4814 588 4895; x_wconf 89' lang='lat' dir='ltr'>ipsius</span> <span class='ocrx_word' id='word_1_361' title='bbox 621 4813 782 4875; x_wconf 88' lang='lat' dir='ltr'>Valentini</span> <span class='ocrx_word' id='word_1_362' title='bbox 815 4811 931 4893; x_wconf 89' lang='lat' dir='ltr'>judicis</span> <span class='ocrx_word' id='word_1_363' title='bbox 967 4810 1115 4891; x_wconf 87' lang='lat' dir='ltr'>empticie</span> <span class='ocrx_word' id='word_1_364' title='bbox 1141 4811 1173 4872; x_wconf 93' lang='lat' dir='ltr'>in</span> <span class='ocrx_word' id='word_1_365' title='bbox 1205 4807 1318 4871; x_wconf 90' lang='lat' dir='ltr'>eadem</span> <span class='ocrx_word' id='word_1_366' title='bbox 1343 4807 1420 4869; x_wconf 92' lang='lat' dir='ltr'>villa</span> <span class='ocrx_word' id='word_1_367' title='bbox 1445 4807 1504 4870; x_wconf 90' lang='lat' dir='ltr'>Po·</span> 
     </span>
     <span class='ocr_line' id='line_1_41' title="bbox 241 4911 1505 5003; baseline -0.006 -21"><span class='ocrx_word' id='word_1_368' title='bbox 241 4923 368 5003; x_wconf 89' lang='lat' dir='ltr'>bressye</span> <span class='ocrx_word' id='word_1_369' title='bbox 393 4920 512 4996; x_wconf 86' lang='lat' dir='ltr'>habite,</span> <span class='ocrx_word' id='word_1_370' title='bbox 537 4939 674 5001; x_wconf 89' lang='lat' dir='ltr'>quarum</span> <span class='ocrx_word' id='word_1_371' title='bbox 700 4919 803 5000; x_wconf 91' lang='lat' dir='ltr'>prima</span> <span class='ocrx_word' id='word_1_372' title='bbox 828 4918 909 4979; x_wconf 89' lang='lat' dir='ltr'>inter</span> <span class='ocrx_word' id='word_1_373' title='bbox 931 4916 1088 4978; x_wconf 86' lang='lat' dir='ltr'>sessiones</span> <span class='ocrx_word' id='word_1_374' title='bbox 1112 4915 1212 4997; x_wconf 91' lang='lat' dir='ltr'>ipsius</span> <span class='ocrx_word' id='word_1_375' title='bbox 1236 4913 1326 4975; x_wconf 87' lang='lat' dir='ltr'>Pauli</span> <span class='ocrx_word' id='word_1_376' title='bbox 1353 4911 1505 4974; x_wconf 85' lang='lat' dir='ltr'>aurifabri</span> 
     </span>
     <span class='ocr_line' id='line_1_42' title="bbox 240 5019 1513 5108; baseline -0.006 -20"><span class='ocrx_word' id='word_1_377' title='bbox 240 5041 271 5090; x_wconf 91' lang='lat' dir='ltr'>et</span> <span class='ocrx_word' id='word_1_378' title='bbox 295 5046 393 5108; x_wconf 89' lang='lat' dir='ltr'>penes</span> <span class='ocrx_word' id='word_1_379' title='bbox 417 5027 496 5088; x_wconf 90' lang='lat' dir='ltr'>alias</span> <span class='ocrx_word' id='word_1_380' title='bbox 520 5039 629 5103; x_wconf 84' lang='lat' dir='ltr'>terras,</span> <span class='ocrx_word' id='word_1_381' title='bbox 653 5044 716 5106; x_wconf 89' lang='lat' dir='ltr'>que</span> <span class='ocrx_word' id='word_1_382' title='bbox 742 5025 773 5085; x_wconf 96' lang='lat' dir='ltr'>in</span> <span class='ocrx_word' id='word_1_383' title='bbox 790 5023 891 5086; x_wconf 91' lang='lat' dir='ltr'>literis</span> <span class='ocrx_word' id='word_1_384' title='bbox 914 5021 1169 5104; x_wconf 81' lang='lat' dir='ltr'>privilegialibus</span> <span class='ocrx_word' id='word_1_385' title='bbox 1192 5021 1407 5082; x_wconf 86' lang='lat' dir='ltr'>continentur.</span> <span class='ocrx_word' id='word_1_386' title='bbox 1427 5019 1513 5080; x_wconf 87' lang='lat' dir='ltr'>ltem.</span> 
     </span>
    </p>
   </div>
   <div class='ocr_carea' id='block_1_4' title="bbox 0 0 1932 5798">
    <p class='ocr_par' dir='ltr' id='par_1_4' title="bbox 0 0 1932 5798">
     <span class='ocr_line' id='line_1_43' title="bbox 0 0 1932 5798; baseline 0 2"><span class='ocrx_word' id='word_1_387' title='bbox 0 0 1932 5798; x_wconf 95' lang='lat' dir='ltr'> </span> 
     </span>
    </p>
   </div>
  </div>
 </body>
</html>
