3816 5802
914 610 1001 667 Anno
1025 605 1117 686 1446.

500 821 577 884 ltem
603 821 745 904 quedam
763 821 875 903 porcio
891 821 1027 883 vinealis
1051 822 1188 884 condam
1207 820 1362 883 Anthenii
1382 820 1662 906 Chestnylrowych

395 929 480 992 inter
503 928 665 990 vinealem
698 927 887 1010 porcionem
920 927 1047 990 Nicolai
1080 929 1208 1006 sutoris,
1239 927 1345 1009 jurati,
1369 945 1399 990 et
1424 928 1505 990 inter
1535 929 1661 990 vineam

394 1035 518 1098 domini
543 1034 698 1098 lobannis
722 1034 889 1116 presbiteri
913 1035 984 1113 sita,
1008 1053 1081 1095 cum
1099 1034 1239 1115 virgulto
1263 1034 1324 1095 sibi
1341 1034 1521 1115 subjacenti
1548 1049 1578 1096 et
1595 1055 1662 1096 rne-

394 1143 510 1204 dietate
534 1141 598 1204 loci
615 1141 740 1204 kouche
765 1140 903 1222 desuper
919 1139 1052 1222 jacente,
1076 1160 1133 1223 per
1148 1140 1373 1202 vendicionem
1394 1141 1532 1204 Emerici
1558 1141 1662 1224 jurati,

394 1249 605 1312 commissarii
626 1248 726 1330 ipsius
743 1245 899 1309 Anthonii
918 1245 1210 1333 Chestnylrowych,
1229 1248 1373 1330 predicto
1393 1247 1539 1310 Emerico
1556 1249 1660 1330 jurato

393 1354 462 1419 filio
486 1357 586 1439 ipsius
611 1354 761 1437 Gregorii
787 1367 834 1416 est
857 1353 1031 1415 literatorie
1049 1367 1164 1416 statuta
1186 1356 1245 1416 sub
1270 1354 1424 1436 pendenti
1448 1354 1555 1435 sigillo
1573 1374 1660 1417 corn·

395 1463 561 1526 munitatis
585 1475 740 1546 perpetuo
764 1460 969 1544 possidenda.

446 1699 530 1773 ltem
559 1703 592 1772 in
621 1700 707 1772 leslo
735 1691 990 1772 Purificaclonis
1023 1701 1120 1772 beate
1152 1720 1284 1789 semper
1311 1702 1455 1789 virginis
1485 1697 1597 1772 llarie.

905 1855 948 1930 (2.
972 1854 1147 1930 februarii).

500 1993 579 2056 ltem
597 1993 749 2055 dominus
767 1993 929 2056 Johannes
947 1995 1102 2078 presbiter
1119 1996 1276 2077 plebanus
1293 1995 1424 2057 ecclesie
1441 1995 1542 2056 sancti
1561 1995 1662 2056 Marci

396 2101 604 2182 ewangeliste
627 2100 779 2184 primurn,
800 2113 831 2162 et
847 2101 978 2162 tandem
996 2102 1129 2164 ecclesie
1145 2115 1254 2166 sancte
1271 2101 1385 2164 Crucis
1401 2101 1433 2162 in
1459 2101 1661 2180 Krawarslra‚

395 2205 558 2290 quandam
584 2207 711 2270 vineam
736 2208 878 2268 suumin
902 2209 1063 2270 territorio
1081 2221 1190 2270 nostro
1209 2209 1291 2269 inter
1314 2208 1423 2270 vineas
1449 2207 1579 2269 Tborne
1597 2208 1663 2269 Ko-

397 2315 481 2399 nych
505 2327 535 2376 et
559 2314 734 2376 liberorum
759 2314 915 2376 Anthonii
941 2314 1099 2376 carnificis
1131 2315 1273 2377 habitam
1309 2316 1368 2377 sub
1392 2316 1485 2377 metis
1512 2316 1546 2376 in
1571 2315 1663 2376 litera

395 2421 588 2506 privilegiali
612 2419 785 2502 superinde
812 2419 955 2483 conlecta
990 2423 1188 2504 expressatis,
1222 2420 1347 2503 prelato
1373 2421 1502 2483 Thome
1528 2421 1662 2506 Konych

396 2547 455 2612 pro
479 2525 724 2610 quatuordecim
749 2525 817 2588 flor.
835 2527 982 2588 vendidit
1005 2541 1162 2611 perpetuo
1186 2528 1414 2610 possidendam
1439 2542 1469 2589 et
1490 2527 1662 2610 superinde

398 2647 445 2696 est
469 2634 560 2696 litera
577 2634 636 2695 sub
661 2632 813 2714 pendenti
837 2633 945 2714 sigillo
970 2635 1210 2696 communitatis
1243 2635 1482 2717 privilegialiter
1506 2649 1662 2698 emanata.

501 2739 579 2801 Item
603 2739 750 2823 Kusycza
775 2739 884 2800 relicta
916 2739 1054 2801 condam
1080 2739 1259 2802 Clementis
1290 2741 1444 2802 institoris
1468 2761 1553 2802 nunc
1587 2761 1662 2802 con·

395 2865 463 2908 sors
486 2845 643 2928 legittima
670 2843 802 2925 Georgii
828 2845 989 2929 Aythych,
1006 2845 1169 2928 quandam
1186 2860 1303 2908 terram
1321 2865 1411 2908 suam
1430 2861 1461 2908 et
1488 2847 1587 2930 ipsius
1603 2847 1662 2910 viri

395 2953 445 3015 sui
468 2951 501 3013 in
523 2952 686 3014 territorio
711 2951 847 3012 civitatis
871 2952 903 3012 in
922 2951 1118 3015 Cirkwische
1140 2953 1222 3014 inter
1250 2967 1367 3014 terram
1392 2954 1531 3035 Agnetis
1554 2954 1663 3016 relicte

397 3059 562 3122 Dominici
587 3057 800 3141 Marsethych,
825 3059 864 3120 ab
889 3059 1067 3138 occidente,
1092 3073 1123 3121 et
1140 3060 1222 3120 inter
1245 3073 1361 3121 terram
1380 3060 1508 3121 Andree
1532 3077 1563 3122 et
1580 3060 1663 3123 Gre-

395 3167 477 3248 gorii
495 3165 636 3228 filiorutn
656 3165 808 3248 Symonis
824 3164 863 3226 de
882 3165 1015 3227 Raboch
1032 3167 1072 3227 ab
1086 3167 1211 3228 oriente
1240 3167 1345 3246 sitam,
1362 3167 1442 3228 duas
1467 3187 1539 3228 cum
1556 3167 1663 3229 media

395 3274 447 3336 vel
472 3274 549 3335 citra
574 3273 675 3334 dietas
698 3287 781 3333 terre
800 3272 831 3332 in
854 3291 887 3332 se
905 3273 1135 3351 continentem,
1153 3272 1284 3355 prelatis
1300 3274 1430 3335 Andree
1447 3287 1478 3336 et
1503 3272 1661 3354 Gregorio

395 3400 454 3462 pro
479 3393 617 3461 quatuor
641 3378 710 3440 flor.
735 3379 804 3439 auri
829 3377 974 3440 vendidit
998 3393 1154 3462 perpetuo
1178 3379 1406 3461 possidendam
1433 3395 1463 3441 et
1488 3380 1661 3462 superinde

397 3500 444 3549 est
468 3487 559 3548 litera
583 3486 642 3546 sub
667 3483 821 3568 pendenti
845 3484 953 3566 sigillo
978 3487 1217 3547 communitatis
1242 3486 1484 3568 privilegialiter
1507 3501 1662 3548 emanata.

503 3593 581 3654 ltem
607 3591 761 3654 Nicolaus
785 3591 930 3654 literatus
954 3591 1039 3654 filius
1063 3593 1187 3671 iacobi,
1220 3592 1382 3674 quendam
1408 3592 1544 3654 fundum
1568 3612 1661 3654 suum

397 3699 503 3761 medie
527 3699 614 3760 curie
639 3699 671 3758 in
696 3699 824 3760 civitate
849 3697 992 3780 predicta
1016 3699 1099 3761 inter
1116 3699 1231 3760 domos
1256 3712 1287 3760 et
1310 3697 1429 3760 fundos
1452 3699 1510 3760 viri
1535 3699 1661 3782 providi

400 3806 533 3868 Fabiani
558 3806 675 3867 sutoris
699 3819 730 3865 et
754 3805 930 3866 liberorum
949 3805 1086 3867 condam
1105 3805 1283 3868 Clementis
1300 3806 1393 3884 Zore,
1419 3807 1458 3867 ab
1483 3826 1546 3867 una
1562 3819 1661 3887 parte,

397 3914 437 3974 ab
462 3912 561 3974 ultera
579 3931 656 3973 vero
673 3911 803 3994 Mathye
820 3911 960 3992 agricole
978 3910 1136 3990 habitum,
1153 3931 1226 3973 curn
1244 3912 1309 3972 suis
1326 3913 1532 3993 pertinenciis
1550 3912 1656 3974 Marco

397 4017 538 4082 carnifici
563 4017 630 4080 filio
656 4017 787 4102 Gyurak
820 4037 877 4100 pro
909 4037 976 4080 uno
1001 4017 1070 4080 flor.
1103 4019 1172 4080 auri
1204 4018 1350 4080 vendidit
1373 4033 1528 4102 perpetuo
1562 4021 1661 4102 possi·

400 4126 542 4187 dendum
568 4137 600 4186 et
622 4124 795 4207 superinde
820 4138 866 4186 est
889 4124 980 4186 litera
1004 4126 1063 4186 sub
1095 4125 1249 4207 pendenti
1281 4125 1389 4207 sigillo
1419 4127 1663 4188 communitatis

398 4230 642 4315 privilegialiter
671 4243 828 4294 emanata.

504 4337 583 4400 Item
608 4337 733 4399 blasius
750 4337 889 4399 decanus
913 4337 1037 4419 pridem
1054 4337 1175 4418 juratus
1204 4337 1409 4419 concivisque
1427 4351 1544 4418 noster,
1562 4359 1662 4420 quan·

398 4446 473 4507 dam
490 4445 617 4506 vineam
635 4463 725 4505 suam
740 4445 772 4504 in
785 4444 945 4522 territorio
963 4457 1072 4506 nostro
1098 4444 1179 4505 inter
1196 4445 1305 4506 vineas
1321 4465 1338 4506 a
1356 4458 1445 4526 parte
1468 4445 1660 4507 occidentali

399 4551 554 4633 Stephani
579 4549 735 4612 carnificis
759 4550 834 4612 dicti
860 4551 980 4633 Zayko‚
1005 4563 1036 4612 et
1059 4570 1076 4612 a
1102 4565 1190 4632 parte
1215 4551 1362 4612 orientali
1387 4551 1519 4612 domine
1545 4551 1661 4613 Kathe·

399 4659 467 4719 tine
492 4657 602 4720 relicte
626 4657 765 4718 condam
790 4657 920 4740 Mathye
952 4658 1080 4735 Fames,
1116 4656 1253 4739 desuper
1285 4676 1416 4738 quoque
1440 4677 1457 4718 a
1482 4671 1570 4739 parte
1593 4677 1663 4740 sep·

398 4763 594 4826 temtrionali
630 4763 806 4825 liberorum
832 4763 971 4826 condam
1004 4763 1158 4826 Johannis
1192 4763 1268 4826 dicti
1294 4763 1478 4826 Krathehen
1502 4765 1663 4826 mediante

400 4869 519 4932 fossato
536 4869 690 4948 habitam,
708 4869 841 4951 provide
859 4870 987 4932 mulieri
1006 4870 1103 4932 Klara
1119 4886 1230 4932 vocate
1250 4871 1340 4932 uxori
1357 4871 1514 4952 legittime
1532 4870 1664 4953 Georgii

400 4975 656 5060 Fercnchewych
681 4995 717 5037 ac
741 4995 797 5057 per
822 4996 892 5038 eam
916 4978 981 5038 suis
998 4976 1170 5040 heredibus
1194 4997 1253 5060 pro
1269 4977 1383 5058 viginti
1408 4977 1478 5041 flor.
1503 4979 1570 5040 auri
1587 4998 1663 5041 ven·

401 5082 484 5145 didit
506 5095 662 5166 perpetuo
687 5083 927 5165 possidendam.
