3832 5804
862 663 965 668 --—
1019 665 1155 670 ..-—---..-.-..
1165 665 1360 672 -.ψ-..ῃ-
1387 667 1497 673 ---..--

233 761 373 824 dendam
397 777 429 826 et
452 765 624 847 superinde
658 778 705 826 est
736 765 826 826 litera
857 767 916 826 sub
941 767 1094 848 pendenti
1128 768 1235 850 sigillo
1260 770 1500 832 communitatis

233 884 391 933 emanata.

338 995 414 1058 item
440 997 541 1058 Elena
566 997 682 1058 mulier
715 997 824 1059 relicta
856 997 993 1058 condam
1021 997 1153 1080 Georgii
1186 998 1320 1081 cirologi
1353 999 1505 1062 concivis

232 1115 350 1181 nostra,
375 1115 494 1165 rectam
518 1117 549 1166 et
573 1104 722 1186 equalem
755 1103 961 1166 medietatem
995 1104 1162 1166 cuiusdam
1196 1105 1323 1185 domus,
1348 1104 1439 1168 fundi
1466 1121 1497 1168 et

231 1207 455 1271 hedificiorum
480 1208 594 1292 prelati
620 1209 756 1271 condam
784 1208 917 1291 Georgii
941 1210 1086 1292 cirologi,
1112 1211 1142 1272 in
1162 1211 1246 1272 dicta
1271 1213 1399 1274 civitate
1418 1213 1499 1275 inter

231 1313 347 1377 domos
372 1329 404 1378 et
428 1313 547 1378 fundos
571 1316 696 1378 Nicolai
714 1315 831 1397 judicis
848 1331 878 1377 et
903 1316 1059 1378 Johannia
1076 1317 1229 1399 Baptista,
1254 1319 1293 1378 ab
1319 1336 1381 1379 una
1398 1333 1498 1402 parte,

231 1435 262 1482 et
285 1423 415 1483 Andree
438 1422 555 1485 sutoris
581 1424 620 1484 ab
645 1423 743 1484 altera
768 1435 857 1504 parte
881 1423 940 1484 site
966 1437 996 1483 et
1025 1422 1198 1501 existentis,
1223 1442 1320 1484 unam
1345 1425 1497 1487 videlicet

231 1543 376 1610 quartam
402 1527 489 1590 curie
513 1529 554 1591 ad
586 1548 679 1591 usum
713 1528 851 1590 civitatis
885 1527 1005 1606 prefate
1039 1528 1070 1589 ia
1104 1547 1137 1590 se
1169 1529 1399 1609 continentem,
1424 1549 1514 1592 cum·

230 1633 294 1696 suis
319 1635 511 1698 utilitatibus
534 1647 566 1697 et
589 1634 796 1716 pertinenciis
821 1634 977 1698 universis
995 1634 1089 1698 Petro
1124 1635 1224 1697 sutori
1248 1634 1316 1697 filio
1342 1635 1497 1719 Stephani

231 1741 269 1801 de
295 1741 486 1826 Rowysche,
508 1761 638 1824 genero,
664 1757 695 1804 et
718 1743 819 1824 probe
854 1741 960 1824 puelle
986 1743 1079 1802 Anna
1113 1757 1225 1804 vocate
1258 1741 1324 1804 filie
1348 1743 1414 1804 suis
1440 1744 1496 1806 do·

231 1848 320 1910 navit
343 1863 501 1932 perpetuo
525 1849 753 1930 possidendam
780 1862 811 1910 et
834 1846 1007 1930 superinde
1032 1860 1079 1910 est
1103 1847 1163 1910 sibi
1188 1847 1304 1930 (litera)
1329 1849 1389 1910 sub
1417 1869 1512 1932 pen·v

230 1953 318 2016 denti
350 1955 459 2036 sigillo
485 1955 723 2017 communitatis
748 1968 905 2016 emanata.

335 2078 415 2141 item
440 2079 573 2141 domina
598 2078 772 2141 Scolastica
796 2077 906 2140 relicta
930 2078 1067 2140 condam
1097 2079 1178 2140 Pero
1202 2078 1296 2160 jurati
1321 2080 1354 2141 in
1379 2101 1435 2143 sua
1462 2096 1493 2144 et

230 2184 360 2248 Andree
385 2199 416 2248 et
441 2184 573 2268 Georgii
599 2205 634 2247 ac
659 2184 814 2247 Johanais
845 2183 984 2247 filiorum
1019 2205 1151 2248 suorum
1185 2187 1330 2268 personis
1354 2207 1392 2248 ex
1424 2208 1494 2270 pre·

230 2289 316 2352 dicto
341 2290 422 2352 Pero
444 2291 548 2372 jurato
566 2291 723 2372 legittime
742 2290 997 2374 progenitorum,
1028 2291 1192 2372 quandam
1216 2292 1349 2354 totalem
1374 2309 1491 2355 terram

228 2415 318 2457 suam
344 2397 498 2458 arabilem
524 2397 555 2458 in
580 2397 741 2460 territorio
774 2397 911 2459 civitatis
939 2397 1083 2479 predicte
1116 2397 1198 2460 inter
1222 2411 1321 2461 terras
1344 2399 1492 2461 similiter

230 2502 366 2564 arabiles
389 2504 566 2565 liberorum
591 2505 729 2565 condam
764 2503 919 2566 Johannis
951 2504 1064 2588 Bolye,
1093 2506 1132 2566 ab
1166 2505 1314 2566 orientali
1340 2520 1438 2588 parte,
1463 2521 1493 2568 et

228 2609 309 2671 inter
333 2608 431 2672 fenile
454 2611 630 2674 liberorum
663 2611 802 2673 condam
836 2612 988 2694 Symonis
1013 2613 1052 2674 de
1087 2611 1231 2691 Raboch,
1255 2633 1272 2674 a
1298 2613 1491 2694 meridione,

228 2736 263 2778 ac
287 2717 369 2778 inter
393 2730 511 2780 terram
537 2719 691 2780 arabilem
716 2738 752 2780 ac
777 2717 875 2781 fenile
901 2719 1028 2780 claustri
1057 2719 1157 2780 sancti
1183 2719 1207 2780 F
1211 2719 1343 2781 raucisci
1368 2718 1491 2782 confes·

226 2824 316 2902 soris,
340 2825 380 2886 ab
405 2824 583 2904 occidente,
608 2824 785 2888 Benedicto
808 2825 906 2907 judici
932 2825 972 2887 de
998 2825 1164 2886 Kralewcz
1194 2824 1261 2887 lilio
1286 2827 1414 2888 Martini
1432 2847 1491 2910 pro

227 2945 366 3011 quatuor
389 2929 460 2994 flor.
485 2931 631 2994 vendidit
654 2945 810 3014 perpetuo
829 2931 1059 3014 possidendam
1077 2946 1108 2993 et
1131 2933 1303 3015 superinde
1329 2949 1375 2996 est
1399 2934 1490 2996 litera

226 3037 467 3100 communitatis
490 3039 550 3100 sub
567 3037 721 3120 pendenti
745 3038 852 3120 sigillo
878 3052 1035 3100 emanata.

332 3161 409 3225 Item
428 3162 568 3245 quedam
587 3164 680 3226 vinea
705 3184 761 3226 seu
778 3164 913 3230 vinealis
929 3164 1040 3246 porcio
1057 3164 1195 3226 condam
1214 3163 1368 3226 Anthonii
1389 3165 1489 3229 Cher-

225 3287 304 3330 necz
328 3269 358 3330 in
383 3269 546 3332 territorio
571 3285 679 3332 nostro
705 3271 738 3332 in
763 3271 992 3355 Koztanewye,
1016 3271 1099 3332 inter
1115 3269 1244 3332 vineam
1268 3269 1401 3352 Georgii
1426 3270 1485 3334 filii

225 3375 323 3457 ipsius
348 3375 503 3438 Anthonii
528 3377 693 3440 Chernecz
719 3391 749 3439 et
774 3377 855 3440 inter
879 3378 1008 3439 vineam
1036 3377 1195 3438 desertam
1220 3377 1384 3439 colendini
1409 3397 1485 3440 con·

224 3480 429 3544 fraternitatis
452 3497 598 3545 sutorum
627 3484 745 3563 habita,
774 3483 911 3566 desuper
935 3504 952 3547 a
976 3485 1027 3544 via
1054 3483 1219 3545 communi
1237 3497 1268 3545 et
1285 3482 1366 3544 inira
1384 3503 1485 3566 usque

223 3581 363 3651 rivulum
402 3609 436 3652 se
476 3590 668 3669 extendens,
711 3610 807 3671 quam
844 3591 953 3652 relicta
993 3590 1092 3672 ipsius
1125 3589 1280 3652 Anthoaii
1318 3589 1485 3652 Chernecz

224 3695 389 3778 Stephano
413 3696 513 3758 sutori
537 3716 657 3778 genero
675 3716 734 3758 suo
755 3715 814 3778 pro
833 3695 982 3757 undecim
1007 3695 1076 3757 flor.
1099 3695 1167 3756 auri
1184 3693 1341 3774 vendidit,
1365 3709 1411 3756 est
1427 3697 1487 3758 sub

223 3802 377 3884 pendenti
402 3803 509 3884 sigillo
534 3803 775 3865 communitatis
800 3815 957 3864 emanata.

329 3927 405 3988 Item
433 3926 530 4010 Elyas
566 3928 687 3990 Judeus
719 3927 803 3990 filius
837 3927 988 4010 Symonis
1019 3925 1153 3988 totalem
1185 3927 1422 4010 possessionem
1456 3943 1487 3989 et

222 4035 409 4116 porcionem
434 4035 719 4118 possessionariam
744 4034 881 4096 condam
910 4033 1065 4096 iohannis
1098 4034 1175 4096 dicti
1200 4035 1303 4096 Janko
1328 4033 1385 4095 filii
1410 4055 1485 4096 con·

222 4141 295 4204 darn
321 4141 478 4204 lobannis
501 4142 617 4225 judicis
649 4141 706 4204 lilii
740 4143 851 4204 Jacobi
884 4143 959 4204 dicti
985 4143 1097 4227 Bolye,
1122 4143 1153 4203 in
1187 4143 1286 4204 domo
1308 4157 1430 4203 murata
1455 4156 1486 4204 et

222 4247 340 4311 celario
365 4269 401 4312 ac
426 4247 528 4310 lundo
560 4263 590 4311 et
622 4247 780 4311 hedificiis
812 4269 847 4310 ac
878 4249 970 4310 terris
1001 4248 1177 4310 arabilibus
1209 4269 1245 4310 ac
1277 4247 1431 4310 fenilibus
1455 4263 1487 4310 et

220 4355 307 4417 silvis
331 4355 364 4416 in
389 4355 472 4417 dicta
497 4356 624 4419 civitate
650 4371 680 4417 et
716 4357 785 4417 eius
819 4355 980 4416 territorio
1013 4355 1129 4416 habitis
1161 4356 1349 4418 existentem
1375 4369 1407 4416 et
1431 4355 1484 4417 ha·

222 4461 332 4540 bitem,
356 4461 397 4522 ad
422 4461 527 4544 ipsum
553 4463 667 4545 Elyam
693 4462 832 4524 Judeum
856 4481 915 4544 pro
938 4462 1076 4543 pecunia
1100 4481 1156 4522 sua
1188 4461 1347 4544 corporali
1372 4475 1403 4524 et
1426 4481 1484 4544 pro

220 4587 315 4630 usura
339 4587 434 4650 supra
459 4567 560 4650 ipsam
586 4580 787 4630 excrescente
811 4567 1008 4645 devolutam,
1033 4586 1106 4628 cum
1131 4568 1283 4630 omnibus
1307 4568 1372 4628 suis
1396 4567 1482 4628 utili·

219 4676 338 4737 tatibus
362 4688 393 4737 et
416 4675 623 4758 pertinenciis
640 4675 797 4736 universis
821 4674 956 4736 domino
975 4672 1122 4735 Erhardo
1141 4673 1227 4735 dicto
1246 4673 1484 4736 Hohenbartter

220 4781 388 4864 capitaneo
412 4783 505 4844 castri
530 4782 678 4844 Medwed
706 4783 808 4844 vocati
833 4801 891 4863 pro
917 4795 1043 4841 centum
1071 4780 1139 4842 flor.
1166 4781 1311 4841 vendidit
1324 4793 1481 4863 perpetuo

220 4887 449 4971 possidendam
474 4905 504 4951 et
528 4888 701 4972 superinde
726 4902 772 4950 est
789 4889 879 4950 litera
904 4889 962 4948 sub
992 4887 1145 4969 pendenti
1170 4887 1277 4969 sigillo
1302 4887 1481 4949 communi·
1562 4888 1563 4891 ’

219 5009 292 5058 tans
319 5009 476 5062 emanata.
