3832 5804
381 481 444 542 206
910 481 996 538 Anno
1018 475 1111 558 1460.

380 695 534 773 habitam,
558 714 618 756 nec
642 712 707 755 non
733 693 816 756 inter
840 705 871 754 et
887 711 986 774 penes
1009 690 1106 754 fenile
1135 710 1171 754 ac
1188 705 1304 754 terram
1329 706 1436 755 nostre
1461 693 1643 755 communi·

380 801 452 862 tatis
476 802 517 862 ab
541 799 732 863 occidentali
765 813 854 881 perte
889 798 1050 878 habitam,
1084 797 1214 860 Thome
1245 796 1313 860 lilio
1346 799 1501 861 lobannis
1524 819 1643 881 genero

306 899 309 904 ’
381 908 518 970 condam
546 906 642 968 Blasii
667 905 841 987 iudiciuae
865 925 922 988 per
946 924 1019 968 eum
1041 905 1159 986 Agneti
1182 905 1322 966 consorti
1347 924 1404 968 sue
1428 905 1586 987 legittime
1609 925 1645 966 ac

379 1034 437 1098 per
460 1033 516 1076 eos
539 1013 685 1096 ipsorum
709 1011 883 1075 heredibus
906 1031 964 1094 pro
985 1029 1104 1073 novem
1127 1009 1198 1073 flor.
1223 1011 1291 1073 auri
1316 1010 1464 1073 vendidit
1486 1025 1642 1094 perpetuo

379 1117 608 1202 possidendam
633 1132 664 1180 et
687 1118 860 1200 superinde
893 1117 984 1180 litera
1016 1130 1124 1178 nostra
1155 1115 1365 1199 privilegialis
1395 1119 1455 1179 sub
1491 1116 1644 1199 pendenti

381 1225 489 1307 sigillo
524 1237 571 1287 est
594 1225 655 1286 sibi
680 1238 837 1287 emanata.

487 1330 564 1392 Item
582 1331 658 1413 quia
676 1330 768 1392 liberi
786 1349 842 1392 seu
860 1349 1058 1392 successores
1075 1328 1213 1392 condam
1231 1328 1360 1390 Thome
1384 1329 1539 1392 institoris
1554 1331 1646 1392 aliter

382 1437 480 1499 Haler
505 1437 723 1518 cognominati
749 1437 828 1498 olim
861 1437 1003 1498 concivis
1034 1437 1146 1513 nostri,
1171 1435 1278 1496 debita
1311 1453 1374 1516 que
1399 1432 1539 1516 prelatus
1571 1445 1644 1497 con-

381 1544 454 1605 dam
481 1544 627 1605 Thomas
652 1543 778 1604 institor
802 1543 996 1624 quibusdam
1030 1541 1218 1604 hominibus
1242 1555 1273 1602 et
1305 1540 1534 1623 jobagionibus
1557 1560 1644 1623 spec-

380 1651 488 1712 tabilis
504 1663 535 1711 et
549 1646 709 1730 magnifici
730 1648 854 1710 domini
873 1649 1002 1710 Martini
1020 1648 1060 1708 de
1079 1647 1343 1730 Frangapanibus
1361 1647 1489 1728 Segnis,
1518 1647 1645 1728 Wegle,

382 1755 626 1836 Modrussieque
652 1768 711 1816 etc.
736 1755 873 1832 comitis,
903 1767 1033 1836 propter
1067 1753 1269 1815 ablacionem
1301 1766 1459 1815 certarum
1485 1771 1589 1813 rerum
1615 1767 1645 1813 et

382 1863 542 1924 bonorum
567 1859 755 1922 eorumdem
789 1879 846 1942 per
878 1860 940 1942 jem
973 1857 1074 1921 fetum
1108 1859 1247 1920 condam
1276 1859 1439 1920 Thomam
1466 1859 1644 1920 institorem

382 1967 486 2028 adhuc
511 1985 729 2028 camerensem
747 1966 926 2027 ablatarum
944 1981 974 2026 et
992 1978 1191 2047 receptarum
1210 1965 1407 2045 obligaretur
1424 1979 1455 2026 et
1474 1978 1644 2042 teneretur,

382 2073 503 2135 eisdem
528 2073 567 2133 ad
593 2071 776 2154 sepissimas
799 2073 1000 2133 moniciones
1032 2084 1063 2132 ct
1095 2071 1272 2153 peticiones
1304 2085 1427 2132 nostras
1458 2090 1645 2133 communes

382 2200 438 2262 per
462 2199 521 2240 nos
545 2178 673 2260 publice
698 2192 729 2240 et
763 2177 930 2239 manifeste
964 2176 1061 2239 factas
1093 2177 1277 2239 nullatenus
1308 2179 1490 2260 persolvere
1527 2191 1558 2239 et
1582 2197 1639 2238 nec

383 2286 514 2347 eosdem
539 2297 707 2346 contentos
731 2283 865 2345 reddere
897 2283 1068 2359 voluerint,
1101 2284 1174 2344 ideo
1208 2303 1277 2362 nos,
1309 2297 1475 2366 putatote
1501 2303 1644 2346 commu-

385 2391 466 2452 nitas
506 2391 624 2452 civiurn
659 2391 794 2450 civitatis
826 2389 1107 2470 Montisgrecensis
1139 2390 1303 2471 quandam
1335 2389 1467 2451 totalem
1511 2390 1642 2452 domurn

382 2498 526 2578 ipsorum
552 2497 692 2578 ligneam
717 2495 813 2557 simul
838 2515 911 2556 cum
936 2494 1038 2558 fundo
1063 2509 1094 2558 et
1123 2497 1241 2557 celario
1265 2495 1474 2557 subterraneo
1498 2515 1644 2557 necnon

383 2602 516 2665 edificiis
541 2603 573 2664 in
600 2602 682 2664 dicta
709 2602 835 2663 civitate
861 2601 943 2662 inter
971 2602 1087 2662 domos
1120 2614 1151 2662 et
1175 2600 1294 2662 fundos
1325 2603 1365 2663 ab
1390 2616 1526 2683 utraque
1558 2615 1645 2684 parte

383 2709 512 2770 Thorne
537 2707 705 2790 lreniparis
737 2706 795 2768 filii
820 2708 918 2769 Blasii
951 2707 989 2768 de
1020 2706 1125 2769 Crisio
1150 2707 1293 2769 concivis
1325 2708 1424 2769 nostri
1449 2707 1592 2770 habitam
1616 2721 1647 2768 et

383 2817 582 2893 existentem,
606 2829 669 2874 tres
694 2814 725 2875 in
749 2827 819 2876 toto
844 2827 974 2896 quertes
998 2813 1085 2875 curie
1110 2813 1150 2874 ad
1169 2833 1261 2876 usum
1287 2814 1372 2876 dicte
1396 2813 1533 2875 civitatis
1557 2814 1589 2874 in
1613 2833 1645 2874 se

382 2921 619 2996 continentem3
646 2920 721 2982 item
747 2920 848 2982 eciam
873 2919 1047 3003 quemdam
1072 2919 1225 3001 (hlortum
1257 2921 1401 3003 ipsorum
1426 2919 1458 2980 in
1483 2919 1644 2981 territorio

382 3041 491 3087 nostro
516 3045 615 3107 prope
639 3025 806 3086 ecclesiam
830 3038 938 3087 sancte
964 3025 1165 3108 Margarethe
1196 3027 1255 3087 sub
1281 3026 1395 3088 eadem
1420 3025 1547 3086 civitate
1572 3023 1643 3085 lun·

383 3131 501 3209 datam,
527 3131 609 3192 inter
632 3129 767 3211 (hlortos
791 3131 965 3192 liberorum
990 3151 1047 3192 seu
1071 3150 1290 3193 successorum
1314 3131 1453 3192 condam
1478 3129 1643 3192 Benedicti

383 3233 462 3296 labri
488 3239 528 3297 ab
553 3257 616 3297 una
641 3250 672 3298 et
689 3235 798 3297 relicte
816 3235 953 3297 condem
981 3237 1118 3298 Emerici
1136 3237 1254 3298 sutoris
1277 3238 1441 3298 seniorum
1465 3235 1640 3316 juratorum

383 3356 413 3402 et
437 3344 620 3404 concivium
640 3355 821 3403 nostrorum
840 3343 982 3424 partibus
999 3344 1039 3404 ab
1056 3343 1166 3421 altera,
1182 3342 1279 3403 simul
1296 3361 1369 3404 cum
1387 3342 1529 3424 quodem
1548 3361 1644 3423 parvo

382 3449 509 3509 stabulo
534 3449 565 3508 in
592 3447 707 3508 eodem
732 3447 850 3528 (hjorto
874 3448 1039 3525 existente,
1064 3468 1099 3509 ac
1124 3445 1195 3509 aliis
1218 3448 1317 3528 ipsius
1341 3447 1457 3509 domus
1481 3462 1512 3509 et
1537 3446 1643 3528 (hlorti

384 3555 575 3616 utilitatibus
599 3566 629 3614 et
653 3553 860 3636 pertinenciis
884 3553 1041 3614 universis
1058 3553 1225 3616 Anthonio
1249 3553 1368 3615 seniori
1396 3553 1492 3624 iudici
1517 3567 1547 3614 et
1571 3572 1645 3614 con·

383 3661 442 3720 civi
468 3672 578 3720 nostro
602 3657 670 3719 filio
702 3659 832 3720 Thome
864 3678 900 3719 ac
934 3678 990 3741 per
1025 3679 1099 3721 eum
1134 3660 1200 3750 suis
1235 3659 1410 3721 heredibus
1442 3678 1499 3740 pro
1533 3658 1645 3739 viginti

383 3765 525 3845 quinque
551 3763 619 3825 llor.
649 3764 715 3824 auri
750 3764 959 3824 vendidimus
991 3779 1146 3846 perpetuo
1179 3762 1420 3846 possidendam,
1451 3777 1647 3825 assumentes

383 3871 521 3932 eundern
547 3871 578 3930 in
604 3870 756 3932 omnibus
780 3871 941 3951 premissis
965 3886 1075 3932 contra
1093 3872 1256 3952 quoslibet
1280 3871 1481 3953 impetitores
1504 3871 1535 3931 in
1563 3871 1646 3951 paci-

384 3975 443 4034 fico
468 3975 614 4036 dominio
639 3989 758 4053 tenere,
783 3991 949 4058 protegere
982 3991 1012 4037 et
1044 3976 1210 4039 defensare
1243 3977 1381 4060 propriis
1412 3977 1526 4038 nostris
1558 3977 1646 4038 labo-

384 4080 471 4140 ribus
495 4095 525 4141 et
550 4082 707 4162 expensis,
741 4101 837 4163 super
872 4082 990 4162 quibus
1022 4083 1174 4144 omnibus
1209 4083 1373 4165 premissis
1411 4083 1501 4144 litera
1540 4095 1645 4144 nostre

383 4186 623 4248 communitatis
648 4188 707 4246 sub
733 4187 884 4269 pendenti
903 4187 1010 4268 sigillo
1029 4201 1138 4250 nostro
1155 4190 1320 4251 communi
1345 4201 1392 4250 est
1407 4188 1469 4250 sibi
1487 4200 1646 4249 emanata.
