3816 5802
775 531 861 590 Anno
884 529 980 610 1446.
1470 531 1511 615 67

244 741 337 804 fundi
362 744 506 826 ipsorum
534 743 687 805 Demetrii
721 744 838 804 sutoris
870 757 900 804 et
925 743 1087 804 Valentini
1112 744 1219 806 claudi
1250 745 1343 806 sitam
1369 757 1399 806 et
1423 744 1509 826 adja-

242 863 380 926 centem,
405 869 503 912 unam
530 863 676 931 quartam
702 864 733 910 et
764 863 910 910 octavam
944 849 1031 910 curie
1057 850 1087 910 in
1117 871 1149 911 se
1182 851 1412 928 continentem,
1438 871 1511 912 cum

242 957 307 1018 suis
331 956 524 1018 utilitatibus
549 971 579 1018 et
603 956 810 1039 pertinenciis
834 957 991 1017 universis
1016 955 1157 1018 Johanni
1184 956 1313 1039 pellifici
1340 971 1370 1018 et
1394 957 1512 1020 Kathe·

242 1063 311 1123 rine
336 1081 393 1126 sue
418 1063 559 1124 consorti
584 1083 641 1145 per
664 1063 865 1145 legacionem
889 1062 1052 1124 Valentini
1071 1064 1212 1146 Zablych
1238 1079 1284 1125 est
1308 1077 1423 1126 statuta
1441 1084 1512 1146 per-

241 1181 340 1250 petuo
372 1169 566 1251 possidenda
590 1183 620 1230 et
648 1169 819 1252 superinde
845 1181 891 1230 est
914 1168 1005 1230 litera
1029 1170 1088 1231 sub
1113 1169 1265 1251 pendenti
1290 1170 1397 1250 sigillo
1425 1189 1512 1232 com·

243 1276 408 1337 munitatis
425 1291 573 1338 emanata
589 1273 719 1358 prelatis
737 1275 875 1336 Johanni
893 1273 1022 1357 pellifici
1041 1291 1071 1337 et
1089 1275 1264 1338 Katherine
1285 1295 1340 1336 sue
1358 1277 1510 1340 consorti.

348 1381 427 1444 Item
444 1383 590 1445 Thomas
613 1380 699 1443 filius
723 1381 820 1443 Blasii
845 1382 884 1443 de
900 1381 1071 1465 Werthlyn
1103 1382 1268 1463 quoddam
1293 1381 1391 1445 fenile
1414 1403 1509 1445 suum

244 1487 325 1549 inter
350 1502 449 1550 terras
481 1488 613 1550 ecclesie
645 1501 752 1548 nostre
784 1488 870 1549 beati
894 1488 993 1549 Marci
1027 1488 1232 1570 ewangeliste
1268 1508 1304 1550 ac
1331 1488 1508 1552 liberorum

244 1593 382 1656 condam
408 1594 536 1656 Thome
563 1593 750 1678 Pychurych
776 1593 933 1673 habitum,
963 1594 1097 1656 domino
1122 1595 1251 1679 Mathye
1277 1597 1453 1676 presbitero
1478 1609 1509 1658 et

246 1701 402 1764 Oswaldo
427 1701 553 1763 literato
578 1699 653 1762 filiis
685 1699 822 1761 condam
848 1700 1001 1782 Symonis
1032 1699 1189 1762 carnificis
1213 1721 1272 1785 pro
1297 1714 1370 1763 octo
1395 1702 1511 1763 marcis

243 1809 450 1870 denariorum
476 1807 621 1868 vendidit
656 1821 812 1890 perpetuo
844 1806 1077 1888 possidendum
1101 1807 1155 1886 ita,
1187 1808 1276 1889 quod
1301 1807 1388 1870 idem
1414 1806 1512 1870 fenile

245 1933 302 1995 per
326 1915 452 1976 nullum
478 1915 546 1976 eius
569 1931 785 1996 possessorem
809 1927 990 1994 presentem
1015 1913 1066 1974 vel
1091 1911 1235 1975 futurum
1260 1934 1276 1974 a
1301 1914 1461 1976 territorio
1479 1927 1510 1975 et

245 2021 472 2102 jurisdiccione
496 2020 633 2082 civitatis
657 2019 799 2102 predicte
824 2039 991 2102 nunquam
1008 2020 1108 2102 possit
1130 2021 1263 2082 alienari
1285 2035 1315 2082 et
1335 2021 1508 2104 superinde

245 2141 292 2188 est
314 2127 405 2189 litera
437 2129 497 2189 sub
521 2126 675 2209 pendenti
700 2125 807 2208 sigillo
832 2127 1072 2189 communitatis
1095 2141 1251 2190 emanata.

351 2235 428 2296 Item
455 2234 579 2296 Blasius
602 2231 688 2294 filius
705 2233 834 2294 Thome
856 2233 959 2294 dictus
976 2233 1182 2315 Bastardych,
1207 2233 1370 2317 quandam
1394 2247 1510 2296 terram

244 2360 334 2402 suam
360 2340 515 2402 arabilem
541 2340 571 2400 in
597 2359 712 2422 campo
748 2340 886 2402 civitatis
917 2340 1058 2421 predicte
1092 2341 1174 2402 inter
1206 2353 1321 2402 terram
1346 2340 1512 2424 hospitalis

246 2448 342 2508 nostri
368 2447 560 2525 communis,
585 2465 602 2506 a
621 2460 708 2528 parte
726 2446 930 2524 occidentali,
949 2461 979 2508 et
1004 2447 1087 2508 Petri
1106 2447 1182 2508 dicti
1201 2445 1371 2526 Penthera,
1388 2467 1404 2508 a
1421 2460 1510 2530 parte

244 2554 391 2616 orientali
416 2553 570 2631 habitam,
594 2567 657 2612 tres
675 2552 727 2614 vel
752 2553 829 2614 citra
854 2553 955 2614 dietas
971 2568 1053 2614 tetre
1078 2554 1110 2614 in
1134 2573 1167 2614 se
1193 2553 1423 2632 continentem,
1442 2553 1511 2614 Ste-

245 2661 342 2742 phani
366 2658 434 2721 filio
459 2659 610 2721 videlicet
642 2659 778 2721 Nicolao
810 2660 922 2738 sutori,
956 2659 1071 2740 jurato,
1103 2679 1162 2742 pro
1186 2660 1316 2740 triginta
1348 2659 1417 2722 flor.
1442 2660 1511 2721 auri

246 2767 392 2829 vendidit
416 2781 571 2848 perpetuo
597 2765 824 2848 possidendam
843 2779 873 2827 et
898 2767 1069 2847 superinde
1096 2780 1141 2828 est
1158 2767 1249 2828 litera
1273 2768 1332 2828 sub
1356 2767 1511 2849 pendenti

245 2873 352 2956 sigillo
378 2873 618 2934 communitatis
643 2873 748 2934 eidem
776 2872 911 2934 Nicolao
936 2871 1039 2953 jurato
1065 2887 1222 2935 emanata.

352 2979 429 3041 ltem
464 2979 566 3040 Elena
599 2979 708 3040 relicta
748 2977 885 3040 condam
918 2979 1065 3062 Dyonisii
1099 2979 1313 3060 Mozlawecz,
1348 2981 1510 3062 quandam

246 3087 380 3148 domum
404 3105 496 3147 suam
529 3085 624 3146 unius
647 3098 758 3165 quarte
792 3104 864 3146 cum
890 3083 992 3146 fundo
1024 3099 1055 3148 et
1078 3085 1235 3148 hedificiis
1259 3101 1342 3149 retro
1377 3087 1510 3148 domum

246 3207 276 3253 et
299 3190 436 3254 fundum
463 3189 628 3252 benedicti
652 3187 747 3270 fabri,
772 3210 807 3252 ac
833 3191 914 3252 inter
939 3192 1055 3254 domos
1079 3207 1109 3253 et
1134 3191 1252 3254 fundos
1276 3192 1431 3255 Johannis
1447 3213 1511 3255 sar·

247 3300 324 3360 toris
349 3312 379 3359 et
403 3297 536 3378 Georgii
561 3316 597 3358 ac
623 3296 701 3380 Elye
726 3310 872 3358 sutorum
901 3297 1055 3378 habitam,
1088 3319 1185 3360 unam
1211 3313 1357 3380 quartam
1382 3313 1417 3361 ut
1440 3319 1510 3382 pre-

247 3405 365 3467 dicitur
388 3405 420 3465 in
445 3423 478 3465 se
503 3404 733 3481 continentem,
757 3423 830 3465 cum
855 3404 921 3465 suis
938 3405 1130 3467 utilitatibus
1155 3421 1186 3467 et
1210 3406 1416 3488 pertinenciis
1441 3406 1511 3466 uni-

245 3513 346 3574 versis
370 3511 532 3574 Clementi
569 3510 708 3592 agricole
734 3509 801 3572 filio
826 3511 957 3593 Mathye
991 3512 1030 3573 de
1055 3512 1240 3596 Ztulbycza,
1266 3527 1300 3575 ut
1325 3533 1411 3575 novo
1435 3532 1511 3574 con·

245 3619 306 3680 civi
331 3631 452 3697 nostr0,
478 3617 623 3679 vendidit
647 3631 802 3699 perpetuo
826 3618 1053 3700 possidendam
1088 3633 1118 3680 et
1149 3619 1321 3701 superinde
1346 3634 1392 3681 est
1420 3620 1510 3682 litera

247 3727 306 3787 sub
331 3723 484 3808 pendenti
509 3723 616 3806 sigillo
633 3723 874 3785 communitatis
887 3723 991 3785 eidem
1011 3723 1173 3786 Clementi
1190 3725 1330 3806 agricole
1355 3739 1511 3788 emanata.

353 3831 430 3893 Item
455 3851 517 3892 una
543 3830 654 3908 porcio
678 3829 810 3892 vinealis
834 3851 851 3892 a
876 3846 964 3913 parte
994 3832 1087 3894 vinee
1113 3833 1197 3894 Petri
1224 3833 1371 3914 Hungari
1395 3832 1510 3915 judicis

246 3957 303 3998 seu
338 3937 632 4019 aseptemtrionali
673 3936 750 4016 sita,
790 3956 862 3998 curn
895 3937 1034 4018 virgulto
1066 3939 1126 3999 sibi
1158 3939 1335 4019 subjacenti
1368 3960 1404 4002 ac
1439 3959 1511 4002 cum

250 4064 311 4106 una
338 4043 509 4106 medietate
533 4043 596 4105 loci
615 4043 740 4104 kouche
765 4043 902 4126 desuper
919 4043 1060 4124 jacentis,
1089 4058 1120 4105 et
1136 4045 1206 4106 aliis
1229 4046 1295 4107 suis
1320 4046 1511 4108 utilitatibus

249 4164 280 4211 et
304 4149 510 4232 pertinenciis
533 4149 691 4211 universis
722 4149 867 4231 predicto
893 4151 1029 4212 Nicolao
1054 4152 1165 4230 sutori,
1197 4151 1311 4233 jurato,
1346 4151 1412 4213 filio
1438 4152 1506 4214 Ste-

247 4257 345 4338 phani
368 4276 426 4339 per
442 4255 667 4318 vendicionem
688 4255 827 4317 Emerici
843 4255 937 4336 jurati
969 4257 1178 4318 commissarii
1199 4257 1336 4319 condam
1354 4257 1509 4318 Anthonii

248 4362 540 4448 Chestnyltowych,
565 4377 611 4423 est
642 4375 758 4423 statuta
790 4362 964 4424 literatorie
996 4363 1189 4446 possidenda
1222 4378 1378 4446 perpetuo
1413 4378 1443 4426 et
1467 4377 1512 4425 te-

248 4470 353 4532 nenda
378 4484 408 4531 et
440 4469 613 4551 superinde
645 4483 691 4530 est
733 4469 824 4530 litera
856 4469 915 4530 sub
948 4470 1099 4552 pendenti
1132 4469 1240 4550 sigillo
1272 4471 1512 4532 communitatis

248 4577 354 4640 eidem
379 4577 516 4638 Nicolao
541 4577 644 4658 jurato
667 4591 824 4638 emanata.
1155 4557 1158 4564 Ι

354 4682 431 4744 Item
457 4683 631 4744 Katherina
657 4683 765 4744 relicta
790 4683 928 4744 condam
953 4683 1110 4744 Anthonii
1133 4681 1322 4768 Petrethych
1348 4681 1406 4744 filii
1424 4683 1508 4745 Petri

249 4789 288 4851 de
313 4790 559 4872 Nowgaryewo,
584 4789 617 4850 in
642 4809 698 4850 sna
723 4803 754 4850 et
778 4789 917 4870 Philippi
951 4787 1007 4850 filii
1039 4790 1088 4851 sui
1113 4810 1150 4850 ex
1175 4791 1320 4871 predicto
1345 4788 1511 4850 Anthonio

249 4897 404 4978 legittime
439 4897 606 4978 procreati,
640 4917 675 4958 ac
707 4897 822 4958 Vrsule
853 4894 917 4958 filie
950 4897 1087 4958 condam
1121 4897 1221 4957 Elene
1257 4896 1373 4979 prioris
1405 4896 1512 4956 uxoris

250 5004 350 5088 ipsius
373 5003 529 5066 Anthonii
563 5003 763 5088 Petrethych,
794 5001 923 5065 filiastre
955 5023 1021 5083 sue,
1054 5023 1089 5065 ac
1122 5003 1250 5088 Mathye
1284 5001 1341 5064 filii
1366 5002 1510 5126 eitgsdem
