3832 5804
802 577 888 635 Anno
908 587 999 654 1454·
1477 593 1533 653 ¹55

857 684 1069 690 —--.---——-
1082 683 1280 690 -Ἥ
1293 683 1400 688 -—.-.
1409 683 1536 689 -..---—

273 807 304 854 et
329 791 506 874 Elyzabeth
532 811 588 852 sua
613 809 743 852 consors
769 789 896 850 easdem
915 788 1132 870 possessiones
1149 807 1260 848 eorum
1286 788 1458 848 abeodem
1482 787 1536 848 Ni·

273 899 366 960 colao
391 913 522 976 sertore,
547 897 662 978 jurat0,
687 897 718 958 in
737 896 883 977 pluribus
900 910 930 956 et
958 892 1191 956 sufficientibus
1213 893 1359 955 terminis
1383 894 1531 975 redemp-

274 1006 377 1068 cionis
400 1004 544 1086 juridicis
568 1004 644 1086 ipsis
668 1023 724 1084 per
748 1001 889 1084 judicem
914 1016 944 1063 et
971 1001 1091 1082 juratos
1123 1001 1297 1063 modernos
1321 1001 1477 1082 legittime
1502 1014 1533 1062 et

273 1111 469 1174 sufficienter
493 1110 660 1190 assignatis
684 1109 841 1171 redimere
866 1108 1052 1170 noluerunt.

380 1217 458 1280 Item
474 1217 611 1279 Barbara
629 1215 694 1278 filia
711 1216 849 1278 condam
864 1214 1033 1276 Laurencii
1051 1214 1167 1276 sutoris
1179 1213 1237 1276 filii
1254 1214 1392 1276 condam
1408 1213 1537 1296 Mathye

277 1325 426 1407 Kunych,
449 1337 512 1386 tres
535 1323 646 1404 glebas
670 1323 769 1403 vulgo
804 1322 901 1402 grede
931 1321 1031 1383 dictas
1063 1321 1155 1382 vinee
1187 1340 1253 1399 aue,
1278 1340 1295 1381 a
1319 1333 1407 1403 parte
1434 1320 1533 1382 Bene-

274 1433 349 1494 dicti
373 1431 527 1494 institoris
558 1431 643 1510 sitas,
676 1430 781 1492 eidem
807 1428 982 1491 Benedicto
1001 1427 1137 1490 institori
1162 1427 1269 1488 vicino
1293 1447 1352 1488 suo
1377 1427 1536 1510 propriori

275 1554 306 1602 et
337 1539 514 1600 inmediato
547 1557 605 1620 pro
639 1537 767 1598 duobus
798 1535 867 1600 flor.
901 1536 1047 1598 vendidit
1080 1549 1235 1617 perpetuo
1267 1535 1476 1616 possidendas
1508 1549 1539 1598 et

274 1645 445 1728 superinde
471 1659 517 1706 est
540 1645 631 1706 litera
664 1644 723 1704 sub
755 1642 908 1725 pendenti
940 1642 1048 1723 sigillo
1073 1641 1313 1703 communitatis
1337 1655 1494 1705 emanata.

379 1752 456 1814 Item
482 1752 635 1814 Clemens
659 1749 799 1832 irenipar
823 1747 909 1811 filius
936 1749 1044 1828 Blasii,
1076 1747 1239 1830 quandam
1274 1747 1408 1809 domum
1442 1767 1533 1809 suam

275 1879 347 1922 curn
374 1857 476 1921 fundo
501 1873 532 1919 et
555 1857 686 1920 cellario
711 1858 919 1918 subterraneo
937 1877 972 1918 ac
1003 1855 1159 1918 hedificiis
1176 1856 1207 1916 in
1233 1856 1395 1918 vicinitate
1420 1857 1536 1918 domus

276 1965 415 2048 Philippi
441 1965 557 2026 sutoris
582 1978 613 2026 et
636 1964 754 2025 domus
777 1962 945 2045 hospitalis
962 1963 1115 2041 habitam,
1139 1983 1211 2024 cum
1237 1963 1302 2024 suis
1330 1963 1536 2046 pertinenciis

276 2071 397 2133 Jacobo
422 2071 521 2132 sutori
554 2068 621 2132 filio
655 2069 787 2150 Georgii
824 2069 899 2132 dicti
933 2069 1021 2148 Mali,
1046 2089 1132 2130 novo
1164 2069 1288 2130 concivi
1322 2083 1443 2148 nostro,
1476 2089 1533 2151 pro

276 2179 387 2239 decem
413 2193 444 2239 et
468 2191 542 2239 octo
576 2175 646 2238 flor.
678 2175 826 2237 vendidit
856 2190 1012 2257 perpetuo
1047 2175 1275 2258 possidendam
1306 2191 1337 2237 et
1368 2174 1539 2258 superinde

277 2300 322 2346 est
346 2285 407 2346 sibi
431 2285 522 2346 litera
546 2285 605 2344 sub
630 2282 782 2366 pendenti
807 2283 914 2363 sigillo
940 2283 1179 2344 communitatis
1208 2296 1365 2346 emanata.

381 2391 458 2452 ltem
484 2390 610 2452 Marcus
634 2389 756 2450 Judeus
779 2388 864 2450 filius
882 2388 1055 2467 Abraham,
1073 2409 1131 2472 pro
1149 2403 1224 2451 tunc
1243 2389 1437 2452 inhabitator
1455 2389 1538 2450 dicte

275 2497 422 2576 civitatis,
447 2496 610 2578 quandam
637 2496 762 2556 vineam
788 2495 1047 2557 condicionalem
1072 2496 1105 2556 in
1129 2497 1290 2558 territorio
1314 2495 1451 2557 civitatis
1469 2515 1537 2577 pre·

277 2603 359 2664 dicte
384 2603 466 2665 inter
498 2603 608 2662 vineas
641 2602 817 2663 liberorum
849 2602 987 2663 condam
1024 2601 1108 2663 lwan
1143 2601 1280 2665 Obalize
1313 2617 1344 2664 et
1375 2602 1538 2664 Valentini

276 2709 543 2771 molendinatoris
574 2709 735 2787 habitam,
771 2708 906 2770 Nicolao
940 2708 1190 2772 molendinatori
1224 2707 1291 2771 filio
1324 2709 1472 2791 Dyonisii
1498 2709 1537 2769 de

276 2817 435 2878 Rakonok
460 2829 490 2876 et
508 2816 609 2876 Elene
626 2835 680 2876 sue
699 2815 839 2876 consorti
858 2829 1014 2896 quantum
1032 2815 1071 2876 ad
1090 2835 1187 2877 unam
1218 2817 1422 2878 medietatem
1441 2816 1540 2898 ipsius

275 2925 379 3002 vinee,
405 2938 436 2985 et
460 2923 627 2984 Anthonio
651 2920 739 2984 fratri
759 2922 876 2983 carnali
903 2922 1002 3004 ipsius
1018 2923 1143 2983 Nicolai
1163 2923 1429 2984 molendinatoris
1452 2923 1538 2983 simi·

276 3029 347 3090 liter
372 3028 622 3090 molendinatori
648 3048 706 3110 pro
740 3028 851 3089 decem
884 3027 953 3090 flor.
978 3028 1046 3089 auri
1079 3028 1225 3090 vendidit
1250 3041 1405 3110 perpetuo
1438 3028 1538 3110 possi·

276 3135 414 3196 dendam
440 3149 470 3196 et
488 3134 660 3216 superinde
685 3134 745 3194 sibi
779 3150 824 3196 est
849 3134 939 3196 litera
964 3135 1022 3195 sub
1048 3134 1201 3216 pendenti
1226 3133 1333 3215 sigillo
1358 3133 1538 3194 communi·

276 3241 348 3302 tatis
372 3254 540 3316 emanata;
575 3240 614 3302 de
640 3260 703 3321 qua
728 3240 820 3301 vinea
852 3241 1087 3322 quinquaginta
1120 3241 1269 3303 denarios
1293 3241 1388 3301 debet
1412 3259 1539 3323 semper

277 3347 425 3428 quolibet
448 3365 534 3408 anno
559 3346 598 3407 ad
624 3347 889 3408 communitatem
914 3347 1049 3409 solvere.

382 3453 460 3514 ltem
486 3453 604 3514 Paulus
628 3467 729 3514 sartor
762 3451 847 3514 filius
873 3453 1002 3536 Mathye
1036 3454 1111 3515 dicti
1137 3453 1280 3532 Philech,
1305 3453 1467 3536 quandam
1493 3453 1537 3514 vi-

277 3579 370 3635 neam
395 3579 485 3620 suam
520 3559 551 3619 in
583 3537 745 3622 vicinitate
783 3561 875 3620 vinee
908 3557 1032 3642 Gaspar
1064 3560 1180 3621 literati
1214 3574 1245 3621 et
1271 3561 1398 3622 Martini
1425 3559 1539 3641 Cipser

276 3665 431 3743 habitam,
456 3665 585 3746 Mathye
611 3664 749 3726 carnifici
775 3663 843 3726 filio
869 3664 1046 3727 Clementis
1074 3685 1132 3748 pro
1157 3665 1343 3746 quindecim
1369 3666 1437 3729 flor.
1463 3685 1537 3726 ven·

276 3771 357 3833 didit
381 3785 536 3854 perpetuo
561 3771 788 3854 possidendam
825 3785 855 3833 et
890 3771 1062 3854 superinde
1094 3787 1140 3833 est
1164 3772 1223 3832 sibi
1257 3773 1347 3833 litera
1379 3774 1437 3833 sub
1461 3791 1537 3853 pen·

276 3878 363 3940 denti
388 3877 495 3958 sigillo
524 3878 764 3940 communitatis
789 3894 945 3940 emanata.

382 3984 458 4046 Item
486 3985 682 4046 Laurencius
707 3985 832 4046 institor
856 3985 940 4045 filius
958 3985 1040 4046 Petri
1064 3985 1184 4065 juratus
1213 3986 1290 4046 civis
1315 3985 1451 4046 civitatis
1467 4005 1537 4067 pre-

276 4091 371 4170 dicte,
395 4091 510 4152 totales
533 4091 751 4172 possessiones
777 4091 917 4152 Ladislai
942 4089 999 4152 filii
1018 4092 1155 4154 condam
1179 4092 1277 4154 Blasii
1294 4092 1371 4152 dicti
1397 4091 1538 4153 Czaran-

275 4196 438 4281 thowych,
463 4216 542 4278 quas
566 4197 633 4279 ipse
658 4218 675 4258 a
700 4197 912 4259 creditoribus
945 4198 1044 4279 ipsius
1069 4199 1209 4260 Ladislai
1243 4218 1300 4280 pro
1326 4199 1537 4279 quadraginta

277 4303 346 4365 flor.
372 4303 438 4364 auri
465 4303 654 4382 redemerat,
680 4303 830 4364 videlicet
854 4319 969 4366 terram
989 4321 1019 4366 et
1044 4307 1183 4384 vineam,
1208 4305 1313 4367 eidem
1340 4305 1490 4366 Ladislao
1508 4320 1538 4367 et

277 4408 455 4492 Elyzabeth
478 4429 534 4470 sue
552 4411 690 4472 consorti
715 4411 835 4471 remisit
853 4427 1007 4492 perpetuo
1029 4412 1248 4493 possidendas,
1271 4427 1301 4472 et
1325 4411 1455 4493 insuper
1472 4431 1537 4472 me·

278 4515 429 4577 dietatem
454 4535 582 4577 suarum
608 4517 810 4598 propriarum
835 4518 1086 4598 possessionum,
1123 4518 1272 4578 videlicet
1297 4518 1422 4595 domus,
1447 4515 1537 4578 fundi

278 4637 308 4684 et
332 4623 440 4684 celarii
465 4624 662 4685 subterranei
688 4645 723 4684 ac
747 4622 971 4685 hedificiorum
997 4639 1027 4686 et
1050 4639 1132 4686 terre
1162 4625 1290 4686 arabilis
1316 4644 1352 4686 ac
1377 4622 1483 4685 fertilis
1507 4637 1538 4685 et

281 4730 373 4790 vinee
409 4749 445 4791 ac
477 4729 555 4790 silve
589 4745 619 4791 et
651 4729 758 4812 (hlorti
791 4747 862 4813 post
894 4745 1030 4792 mortem
1063 4751 1151 4792 suam
1184 4729 1307 4813 prefato
1334 4711 1485 4792 ladislao
1508 4746 1538 4792 et

280 4836 361 4898 dicte
387 4836 564 4919 Elyzabeth
589 4856 644 4897 sue
677 4837 818 4898 consorti
844 4837 934 4898 dedit
965 4839 1112 4898 similiter
1145 4851 1299 4920 perpetuo
1328 4836 1537 4919 possidendas

278 4957 307 5002 et
331 4943 640 5024 quomodocumque
665 4943 827 5004 voluerint
843 4943 1070 5024 disponendas,
1087 4944 1173 5006 salva
1198 4958 1305 5005 tamen
1330 4945 1392 5004 alia
1418 4943 1537 5004 medie·

277 5063 339 5110 tate
363 5049 549 5111 earumdem
567 5049 806 5132 possessionum
823 5049 967 5132 predicto
985 5054 1082 5112 modo
1101 5070 1330 5132 expressarum,
1348 5069 1444 5132 quam
1470 5049 1536 5132 ipse
