3816 5802
417 593 455 652 50
933 572 1019 630 Anno
1042 581 1134 648 1445.

415 783 577 866 Saronych
610 802 667 863 pro
700 783 811 846 decem
845 782 915 844 flor.
948 783 1016 844 auri
1049 783 1196 844 vendidit
1218 793 1373 862 perpetuo
1405 779 1613 862 possidendas
1644 794 1675 842 et

412 890 583 971 superinde
609 903 655 950 est
679 889 770 950 litera
794 891 854 950 sub
879 888 1032 971 pendenti
1057 887 1165 968 sigillo
1190 885 1430 948 communitatis
1454 899 1611 948 emanata.

519 995 595 1056 ltem
621 994 725 1076 judex,
750 995 855 1076 jurati,
874 995 1155 1075 communitasque
1173 1008 1240 1054 tota
1257 1011 1355 1054 unam
1372 992 1498 1053 vineam
1517 989 1673 1054 desertam

413 1102 566 1165 lobannis
589 1122 645 1164 seu
671 1101 825 1162 Jankonia
854 1101 886 1162 in
912 1100 1096 1162 Jelenowcz
1129 1099 1282 1178 habitam,
1306 1097 1392 1180 juxta
1425 1111 1574 1160 contenta
1605 1097 1672 1160 lite-

412 1228 518 1292 rarum
543 1207 795 1289 privilegialium
831 1206 1004 1288 superinde
1037 1202 1254 1268 confectarum
1287 1205 1458 1266 Valentino
1482 1203 1584 1286 jurato
1606 1203 1673 1266 filio

412 1315 579 1378 Michaelis
612 1312 776 1396 Saronych
808 1332 866 1395 pro
898 1327 1022 1394 septem
1057 1311 1127 1374 flor.
1158 1313 1239 1390 auri,
1273 1327 1304 1375 et
1334 1312 1496 1393 quendam
1522 1311 1672 1394 (h)ortum

412 1422 556 1483 eiusdem
580 1419 735 1481 lobannis
758 1439 815 1482 seu
839 1419 994 1480 lanltonis
1019 1419 1050 1480 in
1075 1419 1230 1480 suburbio
1252 1419 1390 1481 civitatis
1413 1419 1565 1501 predicte,
1589 1418 1674 1500 juxta

412 1541 559 1588 contenta
574 1526 737 1588 literarum
763 1525 1013 1608 privilegialium
1037 1525 1210 1608 superinde
1228 1524 1458 1605 confectarum,
1475 1525 1617 1608 Georgio
1634 1526 1673 1587 de

413 1634 603 1714 Petrowyna
635 1651 692 1716 pro
725 1632 968 1714 quatuordecim
1002 1630 1071 1694 flor.
1106 1632 1175 1692 auri
1208 1651 1245 1692 ex
1271 1631 1420 1694 benivola
1453 1632 1595 1696 eiusdem
1621 1633 1672 1694 Jo-

413 1739 527 1801 hannis
547 1739 742 1801 admissione
767 1739 982 1800 vendiderunt
1013 1752 1169 1820 perpetuo
1194 1737 1421 1820 possidendam
1446 1752 1477 1800 et
1500 1739 1671 1822 superinde

411 1845 562 1927 predictis
585 1845 784 1926 emptoribus
801 1845 941 1926 ipsarum
959 1845 1199 1926 possessionum
1226 1843 1326 1926 (sunt)
1343 1845 1432 1906 litere
1457 1843 1672 1927 privilegiales

414 1954 473 2012 sub
498 1951 651 2034 pendenti
687 1951 794 2032 sigillo
828 1951 1068 2012 communitatis
1093 1964 1250 2014 emanate.

487 2115 489 2120 .
517 2057 593 2119 ltem
619 2057 764 2118 Andreas
789 2056 1009 2140 Cyganychyn
1028 2055 1112 2120 filius
1133 2057 1216 2118 Petri
1234 2057 1397 2140 quandam
1423 2059 1556 2120 domum
1581 2077 1669 2122 suam
1751 2135 1754 2144 Ι

412 2185 484 2226 cum
511 2163 612 2227 fundo
638 2177 669 2226 et
693 2163 811 2226 celario
835 2165 1044 2225 subterraneo
1073 2163 1104 2224 in
1137 2163 1289 2245 contigua
1313 2164 1476 2227 vicinitate
1501 2165 1618 2227 domus
1642 2179 1672 2226 et

411 2269 501 2332 fundi
526 2289 562 2332 ac
587 2269 694 2332 celarii
713 2270 910 2330 subterranei
935 2289 971 2330 ac
988 2268 1210 2332 hedificiorum
1230 2271 1358 2332 Martini
1376 2270 1501 2350 judicis,
1526 2271 1580 2332 ubi
1598 2290 1671 2332 eon·

410 2377 483 2441 dam
509 2375 625 2438 domus
650 2374 798 2458 Gregorii
824 2376 984 2438 Zuholow
1016 2373 1188 2460 prefuerat,
1221 2397 1318 2438 unam
1350 2377 1500 2440 videlicet
1527 2392 1671 2460 quartam

410 2483 496 2544 curie
520 2483 551 2542 in
568 2501 601 2542 se
627 2483 829 2560 retinentem,
854 2482 960 2544 eidem
978 2483 1119 2544 Martino
1141 2482 1240 2562 judici
1258 2502 1316 2564 pro
1342 2483 1491 2546 undecim
1517 2484 1586 2547 flor.
1604 2486 1670 2546 auri

411 2589 554 2650 vendidit
577 2602 732 2670 perpetuo
753 2587 979 2669 possidendam
1010 2603 1040 2649 et
1072 2589 1245 2670 superinde
1279 2589 1385 2650 eidem
1411 2590 1550 2652 Martino
1574 2589 1670 2670 judici

417 2677 464 2756 est
495 2695 584 2755 litera
609 2696 668 2755 sub
693 2695 845 2775 pendenti
870 2695 976 2776 sigillo
994 2681 1234 2757 communitatis
1258 2708 1416 2758 emanata.

515 2801 592 2862 ltem
617 2801 760 2882 quedam
787 2802 879 2862 vinee
905 2801 1043 2864 condam
1062 2801 1145 2864 Petri
1170 2800 1264 2882 jurati
1291 2802 1367 2864 dicti
1392 2802 1485 2881 Klak,
1510 2822 1573 2886 que
1597 2823 1671 2865 con-

410 2908 482 2968 dam
508 2907 710 2988 Margarethe
733 2908 874 2970 salirene
907 2905 1078 2989 prefuerat,
1102 2928 1158 2992 per
1190 2908 1391 2989 legacionem
1416 2909 1561 2972 eiusdem
1588 2911 1670 2972 Petri

409 3015 502 3094 jurati
529 3013 652 3096 Gaspar
677 3013 744 3076 filio
770 3015 869 3096 ipsius
899 3015 1100 3096 Margarethe
1133 3014 1276 3076 mulieris
1309 3015 1457 3097 privigno
1481 3035 1540 3077 suo
1565 3029 1612 3078 est
1635 3017 1671 3078 li·

409 3121 557 3181 teratorie
594 3119 780 3182 confirmata
814 3141 851 3181 ex
886 3120 1053 3202 legacione
1086 3119 1231 3182 eiusdem
1267 3121 1350 3182 Petri
1385 3121 1479 3204 jurati
1516 3137 1672 3204 perpetuo

410 3227 601 3307 possidenda
625 3229 684 3288 sub
707 3227 814 3307 sigillo
839 3227 1088 3290 communitatis.

442 3407 444 3410 Ι
515 3332 592 3393 ltem
620 3333 720 3392 Elena
738 3333 847 3394 relicta
864 3332 1002 3394 condam
1028 3333 1115 3395 Luce
1133 3332 1213 3395 labri
1233 3349 1264 3396 et
1281 3331 1572 3396 Dominicusfilius
1589 3335 1671 3396 eius·

412 3438 485 3498 dem
512 3439 596 3500 Luce
621 3436 701 3498 fabri
727 3439 758 3500 in
777 3439 922 3520 personis
939 3439 1095 3500 Anthonii
1121 3439 1178 3501 lilii
1195 3440 1342 3502 similiter
1359 3440 1459 3522 ipsius
1476 3441 1562 3502 Luce
1581 3439 1671 3518 fabri,

410 3544 571 3623 quandam
597 3545 724 3604 vineam
751 3546 883 3626 predicti
911 3547 996 3607 Luce
1021 3546 1102 3608 labri
1128 3547 1160 3608 in
1178 3547 1341 3610 territorio
1366 3547 1502 3610 civitatis
1527 3549 1608 3609 inter
1625 3547 1671 3608 vi·

411 3671 487 3710 neas
509 3651 685 3712 liberorum
719 3651 856 3713 condam
889 3653 973 3714 lwan
1006 3653 1185 3714 Jalrmelow
1218 3667 1249 3715 et
1281 3653 1415 3716 ecclesie
1450 3669 1556 3717 nostre
1580 3675 1669 3738 pero·

409 3756 519 3816 chialis
552 3757 634 3817 beati
670 3758 766 3818 Marci
804 3759 1010 3838 ewangeliste
1045 3759 1198 3838 habitam,
1235 3779 1333 3842 quam
1366 3759 1433 3842 ipse
1459 3760 1561 3822 Lucas
1584 3759 1672 3822 faber

408 3877 552 3943 tempore
579 3863 640 3922 vite
665 3883 720 3923 sue
747 3863 975 3925 Bartholomeo
1000 3863 1067 3926 lilio
1093 3865 1247 3948 Stephani
1272 3866 1412 3947 agricole
1436 3886 1494 3948 pro
1519 3867 1669 3930 undecim

410 3967 478 4028 flor.
514 3969 581 4028 auri
622 3969 809 4030 vendiderat
841 3985 996 4052 perpetuo
1028 3972 1276 4052 possidendam,
1309 3973 1413 4034 eidem
1440 3973 1669 4036 Bartholomeo

408 4067 544 4153 agricole
571 4089 799 4137 consenserunt
823 4092 979 4158 perpetuo
1003 4078 1165 4160 possidere
1191 4093 1223 4140 et
1238 4078 1410 4162 superinde
1428 4093 1474 4141 est
1495 4079 1585 4142 litera
1612 4083 1670 4142 sub

411 4181 562 4259 pendenti
588 4181 695 4260 sigillo
721 4182 960 4243 communitatis
985 4199 1142 4246 emanata.

517 4287 592 4346 ltem
619 4287 771 4350 Clemens
796 4289 922 4352 institor
945 4288 1030 4351 filius
1055 4291 1208 4374 Stephani
1234 4293 1396 4374 quandam
1422 4293 1555 4357 domum
1580 4314 1670 4356 suam

409 4393 504 4452 simul
530 4413 601 4454 cum
627 4393 728 4455 lundo
754 4409 784 4456 et
801 4395 958 4457 hedificiis
976 4398 1057 4460 inter
1074 4398 1190 4460 domos
1214 4413 1244 4460 et
1261 4398 1380 4461 fundos
1397 4399 1529 4482 Georgii
1547 4399 1671 4462 clientis

409 4499 463 4559 filii
492 4499 644 4561 Demetrii
664 4515 693 4561 et
717 4521 772 4562 sue
790 4505 947 4564 consortis
964 4523 999 4565 ac
1014 4504 1177 4567 Dorothee
1207 4505 1344 4588 pistricis
1368 4508 1525 4569 consortis
1542 4507 1671 4568 Andrce

409 4605 612 4689 Jelowchych
638 4627 673 4666 ac
699 4608 799 4669 Elene
818 4609 926 4670 relicte
944 4611 1081 4671 condam
1107 4611 1259 4694 Stephani
1280 4612 1387 4675 Kneht
1403 4613 1556 4691 habitam,
1574 4633 1669 4675 unam

409 4725 553 4789 quartam
581 4713 667 4772 curie
693 4713 722 4772 in
749 4735 781 4774 sc
807 4716 1037 4795 continentem,
1062 4699 1167 4778 eidem
1187 4716 1330 4798 Georgio
1355 4719 1464 4782 clienti
1491 4735 1521 4782 et
1546 4720 1670 4800 Marga-

409 4817 494 4876 rcthe
519 4838 573 4877 sue
599 4820 724 4879 mulieri
750 4840 821 4880 cum
847 4822 1066 4884 additamento
1092 4825 1236 4906 quinque
1261 4825 1329 4886 flor.
1355 4827 1422 4886 auri
1448 4845 1505 4906 pro
1530 4827 1669 4907 quadam

409 4923 507 4981 domo
540 4943 650 4984 eorum
685 4927 802 4986 ibidem
837 4947 934 5006 penes
967 4929 1128 5006 habitam,
1162 4951 1257 4991 unam
1291 4947 1437 5012 quartam
1463 4946 1493 4991 et
1525 4947 1668 4993 octavam

409 5029 494 5088 curie
520 5031 550 5088 in
577 5051 608 5089 sc
627 5033 855 5111 continentem,
874 5037 1135 5097 concambialiter
1153 5039 1241 5098 dedit
1258 5053 1414 5122 perpetuo
1431 5040 1669 5121 possidendam.
