3816 5802
390 567 432 628 90
940 543 1145 625 Ann01448.

390 773 477 820 verat
500 760 682 838 moriendo,
707 775 737 823 et
769 759 881 822 eadem
916 761 1041 842 Agatha
1073 761 1189 822 mulier
1222 761 1371 823 Emerico
1404 763 1473 823 viro
1504 782 1563 824 suo
1588 762 1655 825 filio

390 867 516 930 Nicolai
542 868 580 930 de
607 867 753 930 Gradsan
778 867 926 930 similiter
950 868 1121 930 moriendo
1157 867 1277 951 legavit
1299 881 1455 950 perpetuo
1490 870 1640 951 possiden

390 974 475 1054 dam,
499 974 604 1037 eidem
631 975 779 1037 Emerico
803 987 850 1037 est
873 987 990 1036 statuta
1025 974 1199 1036 literatorie
1224 987 1380 1057 perpetuo
1405 974 1599 1057 possidenda
1626 992 1657 1040 et

389 1081 562 1164 superinde
588 1095 635 1142 est
658 1081 748 1142 litera
772 1082 831 1141 sub
856 1079 1009 1162 pendenti
1044 1079 1152 1161 sigillo
1186 1081 1427 1142 communitatis
1452 1097 1610 1146 emanata.

496 1187 573 1248 ltem
600 1186 722 1270 Symon
740 1185 957 1269 carpentarius
973 1184 1059 1248 filius
1076 1187 1232 1249 Johannis
1256 1187 1335 1248 duas
1359 1201 1465 1272 partes
1488 1191 1655 1253 cuiusdam

389 1307 469 1354 terre
494 1293 623 1354 arabilis
648 1294 680 1354 in
705 1312 819 1375 campo
844 1292 980 1354 civitatis
1009 1293 1090 1354 inter
1115 1292 1250 1355 fluvium
1284 1293 1493 1357 Kubinschalt
1517 1295 1650 1375 dictum,

389 1401 429 1460 ab
443 1399 577 1478 oriente,
591 1413 622 1461 et
640 1400 721 1460 inter
738 1398 847 1460 lenilia
868 1398 1116 1460 kolendinorum
1131 1400 1381 1481 presbiterorum
1399 1415 1430 1462 et
1448 1401 1651 1480 Sclauorum,

389 1525 407 1566 a
431 1505 621 1584 meridione,
638 1519 669 1566 et
685 1505 767 1567 inter
782 1519 898 1566 terram
915 1505 1092 1566 liberorum
1111 1505 1249 1567 condam
1264 1505 1463 1587 Sigismundi
1480 1506 1585 1588 jurati,
1610 1510 1650 1569 ab

389 1611 566 1696 occidente,
591 1625 622 1672 et
639 1611 720 1674 inter
744 1611 828 1672 viam
857 1630 1062 1672 communem
1088 1612 1352 1692 aseptemtrione
1376 1611 1494 1692 habite,
1518 1635 1536 1675 a
1560 1627 1649 1696 parte

392 1717 569 1778 occidentis
591 1717 677 1796 sitas,
701 1717 761 1780 sibi
780 1736 839 1800 pro
863 1717 979 1778 debitis
997 1717 1134 1778 duorum
1154 1717 1234 1795 flor,
1259 1717 1377 1799 quibus
1401 1717 1578 1800 Gregorius
1593 1720 1653 1781 Va·

389 1821 501 1884 lentini
525 1823 586 1883 sibi
610 1842 666 1905 per
689 1823 924 1904 litigionarium
957 1842 1141 1904 processum
1183 1823 1340 1884 debitorie
1371 1823 1505 1904 juridice
1530 1825 1653 1907 obliga·

389 1931 491 2006 batur,
523 1928 696 1991 Valentino
729 1944 758 1990 et
791 1924 951 1991 Clementi
995 1927 1069 1990 filiis
1110 1927 1247 1990 condam
1281 1928 1413 2012 Georgii
1447 1930 1582 2016 Blasych
1614 1932 1653 1994 de

392 2033 539 2096 Gradsan
563 2034 711 2096 similiter
735 2054 792 2116 pro
818 2034 945 2095 duobus
962 2033 1031 2097 flor.
1056 2035 1125 2096 auri
1143 2055 1179 2096 ex
1198 2054 1358 2097 consensu
1381 2036 1561 2098 vicinorum
1579 2057 1653 2099 ven·

389 2141 471 2203 didit
495 2155 650 2224 perpetuo
684 2141 911 2224 possidendas,
943 2156 974 2202 et
1005 2141 1177 2223 superinde
1208 2155 1254 2202 est
1285 2142 1376 2204 litera
1408 2144 1467 2204 suh
1499 2144 1653 2226 pendenti

388 2249 496 2328 sigillo
532 2248 772 2310 communitatis
805 2261 970 2326 emanata,
1001 2247 1089 2308 salva
1121 2262 1228 2309 tamen
1260 2249 1357 2310 tercia
1390 2263 1480 2331 parte
1504 2250 1648 2312 eiusdem

388 2369 470 2416 terre
495 2375 512 2416 a
537 2369 624 2436 parte
650 2355 782 2416 orientis
816 2354 934 2431 habita,
966 2373 1028 2435 que
1061 2353 1231 2415 dominum
1265 2355 1450 2416 Ladislaum
1474 2356 1649 2438 plebanum

388 2461 427 2523 de
453 2461 600 2522 Zanabor
624 2460 692 2540 jure
717 2462 776 2522 sibi
801 2461 1007 2522 incumbente
1032 2479 1224 2521 concernere
1250 2460 1441 2525 dinoscitur.

494 2567 571 2629 ltem
599 2567 760 2628 Fabianus
784 2567 921 2647 piscator
938 2564 1023 2626 filius
1048 2565 1176 2626 Thorne
1205 2566 1245 2628 de
1270 2565 1426 2648 Chychan
1450 2567 1482 2628 in
1507 2587 1562 2628 sua
1583 2581 1651 2628 tan·

387 2689 454 2736 turn
480 2693 615 2756 persona
641 2689 671 2736 et
697 2674 796 2735 Elena
822 2691 953 2734 consors
984 2691 1051 2750 sua,
1084 2672 1192 2734 relicta
1225 2691 1302 2733 vero
1333 2672 1471 2734 condam
1497 2672 1650 2755 Stephani

388 2781 577 2862 carpentarii
601 2781 676 2842 dicti
704 2779 862 2861 Kobilych
888 2779 919 2838 in
944 2798 999 2839 sua
1025 2791 1056 2840 et
1082 2778 1250 2839 Laurencii
1285 2798 1321 2841 ac
1346 2779 1486 2841 Emerici
1511 2779 1651 2841 filiorum

388 2905 520 2948 suorurn
545 2907 581 2948 ex
614 2886 759 2969 predicto
792 2885 928 2946 condam
963 2883 1127 2966 Stephano
1164 2884 1365 2966 carpentario
1397 2885 1555 2966 legittime
1579 2906 1651 2968 pro-

386 2993 569 3075 genitorum
596 2993 751 3076 personis,
776 2992 937 3073 quandam
964 2991 1097 3052 domum
1130 3009 1244 3052 eorum
1268 2991 1364 3052 simul
1389 3012 1461 3053 curn
1487 2991 1595 3054 fundis
1619 3007 1651 3054 et

387 3098 544 3162 hedificiis
569 3100 600 3160 in
626 3099 710 3161 dicta
734 3099 861 3161 civitate
894 3099 975 3159 inter
1008 3097 1143 3158 domum
1176 3097 1235 3159 viri
1268 3098 1396 3180 providi
1422 3099 1532 3161 Jacobi
1557 3099 1652 3180 jurati

387 3206 464 3268 dicti
490 3207 663 3289 Eberspek,
687 3206 726 3267 ab
752 3225 814 3266 una
839 3219 939 3286 parte,
964 3205 1003 3265 ab
1028 3205 1126 3266 altera
1151 3223 1226 3266 vero
1243 3218 1333 3287 parte
1358 3206 1440 3268 inter
1464 3204 1600 3267 fundum
1620 3219 1653 3268 et

388 3313 521 3376 domum
548 3313 677 3374 Thome
712 3309 868 3374 carnificis
902 3311 977 3372 dicti
1011 3310 1139 3389 Pedlto,
1171 3331 1208 3372 ac
1243 3311 1275 3372 in
1308 3313 1492 3394 posteritate
1516 3313 1598 3374 inter
1621 3326 1652 3373 et

387 3440 484 3502 penes
509 3419 645 3481 fundum
670 3419 847 3481 liberorum
867 3417 1004 3478 condam
1030 3418 1116 3478 Luce
1134 3415 1215 3479 fabri
1231 3417 1373 3479 habitam
1397 3432 1427 3480 et
1452 3419 1651 3497 existentem,

387 3545 482 3588 unam
508 3541 653 3609 quartam
679 3527 764 3586 curie
783 3539 814 3586 et
838 3543 936 3585 unam
953 3543 1026 3584 cum
1044 3523 1152 3585 media
1172 3537 1318 3586 octavam
1337 3525 1423 3586 curie
1441 3525 1473 3586 in
1498 3544 1530 3585 se
1550 3524 1651 3586 conti-

386 3645 526 3711 nentem,
551 3651 623 3693 cum
650 3633 801 3692 omnibus
825 3631 891 3692 suis
915 3630 1108 3692 utilitatibus
1133 3643 1163 3692 et
1182 3631 1389 3712 pertinenciis
1406 3631 1563 3692 universis
1580 3650 1650 3713 pre·

388 3738 474 3800 dicto
499 3738 620 3799 Jacobo
644 3737 748 3818 jurato
773 3751 803 3798 et
826 3737 960 3819 provide
986 3736 1113 3798 mulieri
1144 3736 1345 3818 Margaretha
1370 3751 1482 3800 vocate
1506 3739 1649 3799 consorti

387 3865 442 3906 sue
467 3845 623 3925 legittime
659 3865 694 3906 ac
719 3864 775 3926 per
801 3863 856 3906 eos
880 3845 1023 3926 ipsorum
1057 3842 1229 3905 heredibus
1253 3863 1311 3926 pro
1343 3863 1459 3906 novem
1486 3842 1555 3906 flor.
1580 3845 1649 3906 auri

389 3952 604 4014 vendiderunt
629 3965 783 4034 perpetuo
808 3949 1035 4032 possidendam
1061 3970 1098 4010 ex
1121 3969 1279 4012 consensu
1308 3950 1488 4012 vicinorum
1512 3950 1650 4012 aliorum

387 4059 604 4140 predictorum
631 4071 660 4119 et
684 4058 856 4140 superinde
886 4070 931 4118 est
955 4057 1046 4118 litera
1074 4057 1132 4118 sub
1158 4057 1311 4138 pendenti
1335 4057 1443 4138 sigillo
1467 4055 1646 4118 communi·

387 4165 459 4226 tatis
483 4177 640 4226 emanata.

494 4271 568 4332 ltem
607 4271 731 4332 Blasius
768 4272 893 4334 institor
927 4269 1011 4332 filius
1047 4269 1177 4332 Thome
1211 4269 1445 4352 Wgrinowych
1487 4268 1649 4351 quandam

386 4377 519 4439 domum
545 4397 634 4439 suam
660 4377 799 4459 ligneam
825 4378 921 4439 simul
946 4396 1019 4438 cum
1048 4375 1149 4441 fondo
1182 4392 1212 4438 et
1236 4377 1353 4438 celario
1378 4379 1588 4438 subterraneo
1613 4395 1648 4437 ac

387 4484 597 4546 fundamento
622 4499 653 4548 et
669 4505 787 4568 penore
805 4485 948 4547 eiusdem
967 4485 1074 4546 celarii
1092 4485 1239 4546 similiter
1256 4499 1393 4563 murato,
1411 4483 1517 4546 eidem
1536 4484 1648 4545 domui

386 4593 492 4672 lignee
517 4607 547 4653 et
571 4593 630 4674 ipsi
656 4593 773 4654 celario
806 4595 1013 4654 subterraneo
1046 4593 1105 4652 sub
1138 4605 1169 4653 et
1201 4591 1370 4673 adjacenti,
1402 4609 1549 4651 necnon
1574 4609 1647 4650 cum

386 4698 514 4760 clibano
538 4718 594 4759 seu
630 4697 757 4760 fornace
790 4718 908 4780 panum
934 4718 969 4759 ac
1004 4717 1076 4759 cum
1102 4697 1191 4759 totali
1224 4697 1323 4758 domo
1354 4697 1459 4778 lignea
1495 4709 1525 4757 et
1549 4693 1649 4757 fundo

386 4804 530 4865 eiusdem
556 4805 675 4866 clibani
700 4826 755 4866 seu
781 4803 920 4867 fornacis
944 4825 1065 4887 panum
1088 4805 1193 4866 eidem
1218 4805 1346 4866 clibano
1371 4823 1426 4866 seu
1450 4802 1571 4864 fornaci
1595 4821 1648 4884 pa·

386 4931 462 4972 num
489 4911 608 4974 circum
634 4927 664 4974 et
687 4913 875 4994 subjacenti,
901 4926 931 4974 et
956 4913 1026 4974 aliis
1050 4912 1172 4974 cunctis
1188 4911 1254 4973 suis
1284 4911 1475 4972 utilitatibus
1499 4925 1530 4972 et
1552 4909 1648 4992 perti-

387 5018 508 5079 nenciis
532 5019 688 5080 universis
713 5020 793 5080 inter
817 5019 913 5081 aliam
939 5019 1073 5081 domum
1098 5038 1188 5080 suam
1219 5031 1375 5080 muratam
1402 5030 1432 5078 et
1456 5014 1593 5078 fundum
1618 5029 1650 5078 et
