3832 5804
789 542 875 600 Anno
897 537 990 618 1462.
1460 552 1522 614 217

259 777 466 821 communem
490 755 652 832 habitam,
685 753 786 835 ipsam
819 765 894 835 post·
924 763 1059 812 mortem
1093 750 1193 832 ipsius
1224 749 1361 811 condam
1394 748 1522 810 Thome

259 865 363 928 mariti
388 864 437 925 sui
462 863 531 944 jure
556 859 750 923 hereditario
772 871 1034 936 concernentem,
1057 855 1194 939 provido
1212 855 1281 918 viro
1307 856 1442 917 Nicolao
1460 874 1523 916 sar·

258 972 320 1034 tori
345 969 495 1054 Poyeych
520 968 606 1030 dicto
631 986 690 1050 pto
715 966 829 1047 viginti
853 964 979 1026 duabus
1003 963 1110 1048 pensis
1128 963 1335 1026 denariorum
1359 963 1523 1024 wiennen-

259 1079 341 1140 sium
365 1075 563 1139 vendidisset
586 1087 645 1136 etc.

366 1181 464 1258 Quod
497 1181 652 1264 providus
683 1179 731 1240 vir
763 1178 957 1240 Benedictus
989 1176 1081 1238 aliter
1113 1177 1216 1238 Bensa
1250 1175 1353 1238 dictus
1383 1173 1525 1246 concivis

261 1303 367 1353 noster
390 1288 476 1352 filius
500 1287 637 1351 condam
664 1285 819 1348 Demetrii
844 1283 985 1366 agricole
1010 1282 1067 1346 filii
1092 1282 1248 1344 Johannis
1271 1282 1418 1344 similiter
1442 1281 1523 1362 agri-

261 1397 329 1460 cole
354 1396 433 1458 olim
458 1394 552 1478 jurati
586 1392 794 1474 concivisque
826 1391 938 1469 nostri,
971 1390 1133 1472 quandam
1158 1391 1286 1452 vineam
1319 1409 1375 1451 seu
1400 1389 1524 1472 porcio·

261 1524 335 1566 nem
359 1503 540 1582 vinealem,
577 1500 734 1564 censualis
771 1499 903 1561 ecclesie
943 1512 1050 1560 nostre
1081 1497 1274 1580 parochialis
1310 1497 1393 1559 beati
1427 1497 1524 1558 Marci

261 1611 466 1692 ewangeliste
491 1610 523 1670 in
547 1608 632 1670 dicta
657 1607 783 1669 civitate
805 1603 948 1684 fundate,
973 1605 1005 1666 in
1037 1604 1198 1667 territorio
1222 1617 1332 1666 nostro
1356 1603 1423 1665 sive
1447 1603 1522 1664 civi·

261 1718 335 1781 tatis
358 1714 480 1800 prefate
504 1734 563 1777 nec
588 1733 652 1776 non
677 1733 693 1774 a
719 1725 807 1794 parte
839 1711 1093 1795 septemtrionali
1126 1711 1212 1772 viam
1237 1729 1444 1773 communem
1469 1710 1523 1772 ha·

261 1824 326 1885 bite
350 1836 382 1884 et
412 1821 587 1900 existentis,
620 1819 739 1903 Belyak
772 1819 870 1900 vulgo
903 1817 1074 1901 appellate,
1098 1817 1271 1900 desupera
1306 1816 1356 1878 via
1382 1815 1521 1897 quadam

263 1928 499 1992 circumvicinis
521 1925 749 1988 tantummodo
774 1925 939 1987 communi
963 1943 1019 1985 sen
1036 1943 1095 2006 pro
1120 1938 1204 1985 meta
1228 1923 1310 1984 inter
1334 1923 1429 1984 aliam
1448 1941 1521 2006 por·

262 2036 388 2098 cionem
412 2032 555 2096 eiusdem
580 2032 676 2094 vinee
703 2031 802 2114 ipsius
819 2030 985 2094 Benedicti
1010 2031 1050 2092 ab
1067 2029 1234 2092 occidente
1258 2027 1365 2090 habita
1390 2044 1420 2090 et
1444 2025 1524 2090 infra

264 2160 366 2224 usque
390 2139 529 2202 rivulum
554 2139 651 2200 simul
676 2157 750 2200 cum
774 2138 914 2218 virgulto
935 2136 1041 2199 eidem
1066 2137 1159 2198 vinee
1176 2135 1235 2198 sub
1260 2148 1291 2197 et
1313 2133 1472 2216 adjacenti
1490 2153 1526 2196 ac

264 2247 305 2309 ad
322 2248 423 2329 ipsam
441 2244 611 2328 pertinenti
629 2265 661 2305 se
679 2244 880 2306 extendentis
896 2243 993 2306 simul
1022 2263 1095 2304 cum
1112 2241 1237 2304 koucba
1255 2241 1401 2320 limitate,
1419 2241 1525 2302 Blasio

264 2351 426 2434 lutihgulo
449 2349 516 2412 filio
541 2350 670 2413 Thome
696 2351 735 2412 de
760 2350 874 2434 Chehy
899 2365 930 2414 et
946 2370 1003 2432 per
1023 2369 1095 2412 eum
1120 2349 1185 2411 suis
1202 2347 1374 2412 heredibus
1397 2367 1455 2432 pro
1472 2367 1525 2410 sex

267 2459 382 2522 marcis
406 2457 612 2520 denariorum
637 2456 835 2520 vendidisset
859 2471 918 2520 etc.

371 2563 448 2626 Item
466 2563 542 2645 quia
559 2562 713 2646 providus
730 2565 777 2624 vir
794 2563 951 2626 Martinus
974 2563 1082 2625 senior
1098 2561 1195 2643 judex
1212 2576 1243 2625 et
1260 2562 1402 2626 concivis
1418 2576 1526 2624 noster

264 2671 347 2735 filius
371 2670 512 2748 Thome,
536 2669 699 2752 quandam
725 2669 859 2731 domum
883 2689 974 2731 suam
991 2669 1124 2732 totalem
1149 2669 1247 2731 simul
1271 2687 1344 2731 cum
1369 2666 1471 2730 fundo
1496 2682 1527 2730 et

265 2777 383 2840 celario
406 2778 616 2840 subterraneo
640 2776 672 2838 in
697 2776 781 2838 dicta
812 2777 939 2840 civitate
971 2778 1054 2838 inter
1084 2776 1211 2856 domos,
1243 2775 1360 2839 fundos
1383 2776 1526 2837 virorum

265 2883 476 2970 providorum
501 2882 638 2945 condam
664 2882 825 2945 Valentini
860 2881 936 2945 dicti
961 2883 1176 2969 tagodychev
1201 2896 1231 2946 et
1255 2883 1429 2946 liberorum
1455 2901 1526 2966 pre·

266 2991 321 3053 fati
346 2989 483 3052 condam
509 2988 671 3051 Valentini
696 2991 736 3051 ab
760 3009 823 3051 una
848 3003 947 3072 parte,
972 2992 1011 3050 ab
1036 2989 1135 3053 altera
1166 3005 1254 3073 parte
1280 2991 1364 3052 Petri
1390 2989 1523 3051 Thwlo·

265 3096 357 3180 wych
382 3109 413 3158 et
438 3095 529 3156 Pauli
554 3095 721 3157 Banschak
745 3094 917 3175 dictorum,
949 3111 1132 3158 nostrorum
1166 3097 1348 3158 concivium
1373 3095 1526 3174 habitam,

267 3203 407 3266 mediam
433 3202 555 3264 curiam
579 3202 619 3263 ad
642 3221 737 3263 usum
769 3202 852 3265 dicte
877 3203 1014 3266 civitatis
1046 3205 1078 3265 in
1101 3223 1134 3265 se
1166 3203 1396 3284 continentem,
1421 3204 1525 3286 ipsum

268 3309 442 3372 Martinum
467 3308 607 3390 judicem
632 3329 650 3370 a
674 3311 775 3391 proba
806 3309 940 3371 muliere
975 3309 1151 3393 Elyzabeth
1184 3324 1294 3373 vocata
1327 3311 1417 3373 aliter
1441 3311 1526 3373 Rosa

268 3416 351 3478 dicta
375 3434 474 3476 uxore
499 3415 656 3497 legittima
689 3415 822 3498 Georgii
854 3415 912 3478 filii
944 3416 1034 3478 Pauli
1060 3417 1247 3480 habitatoris
1276 3418 1359 3481 dicte
1391 3418 1527 3480 civitatis

267 3521 331 3584 filia
355 3541 432 3583 vero
458 3521 554 3584 Blasii
587 3519 644 3584 filii
676 3522 774 3584 Marci
807 3523 886 3584 olim
919 3525 1060 3585 concivis
1092 3525 1191 3586 nostri
1223 3526 1402 3607 empcionis
1433 3525 1527 3586 titulo

268 3641 528 3707 concernentem,
552 3641 647 3711 prout
671 3627 780 3690 hocin
806 3631 946 3711 quadam
963 3631 1054 3693 litera
1072 3645 1130 3692 etc.
1149 3631 1273 3693 Briccio
1297 3631 1387 3694 aliter
1413 3631 1527 3713 Myrko

268 3736 353 3798 dicto
377 3734 445 3798 filio
462 3737 600 3799 condam
618 3735 760 3798 Simonis
786 3736 825 3798 de
844 3737 919 3798 villa
938 3736 1157 3821 Remethyncz
1175 3757 1260 3799 nunc
1277 3739 1308 3800 in
1326 3738 1401 3800 villa
1419 3737 1528 3798 Rodes

267 3842 493 3920 commoranti,
518 3856 552 3904 ut
575 3842 637 3924 jam
664 3833 755 3905 novo
773 3843 899 3905 concivi
917 3857 1026 3905 nostro
1050 3863 1108 3927 pro
1126 3844 1237 3906 decern
1263 3859 1293 3908 et
1316 3859 1439 3927 septem
1457 3843 1526 3906 flor.

266 3951 333 4012 auri
358 3948 554 4010 vendidisset
577 3963 636 4014 etc.

373 4054 472 4128 Quod
488 4055 563 4136 quia
581 4055 735 4138 providus
758 4055 806 4116 vir
824 4055 983 4137 Georgius
1001 4055 1131 4138 pellifex
1149 4057 1289 4118 concivis
1313 4070 1420 4118 noster
1445 4056 1529 4119 filius

272 4159 424 4243 Stephani
450 4160 489 4223 de
514 4162 624 4241 Peker,
649 4161 814 4244 quandam
837 4163 971 4224 domum
1000 4183 1090 4224 suam
1122 4163 1254 4225 totalem
1279 4177 1342 4226 tam
1369 4179 1526 4226 muratam

268 4286 365 4348 quam
389 4267 530 4348 ligneam
555 4268 588 4329 in
612 4269 775 4331 vicinitate
792 4269 909 4330 domus
929 4269 1085 4331 Anthonii
1104 4271 1220 4332 sutoris
1243 4283 1275 4332 et
1298 4270 1424 4332 Nicolai
1441 4271 1527 4332 simi·

266 4374 339 4436 liter
362 4374 519 4454 sutoris,a
544 4375 735 4452 meridione,
759 4391 789 4437 et
814 4377 844 4437 in
868 4377 1031 4439 vicinitate
1048 4376 1165 4438 domus
1188 4391 1219 4437 et
1236 4375 1326 4438 fundi
1352 4378 1451 4439 Marci
1470 4377 1528 4461 Sy·

267 4479 443 4565 dowchych
469 4482 652 4544 concivium
669 4497 851 4545 nostrorum
877 4505 894 4544 a
918 4484 1147 4566 septemtrione
1164 4483 1317 4563 habitam,
1341 4484 1438 4546 simul
1456 4505 1528 4546 cum

267 4585 357 4648 totali
382 4587 501 4649 celario
525 4591 734 4650 subterraneo
767 4603 892 4652 murato
925 4603 955 4652 et
979 4589 1088 4651 fundis
1120 4611 1156 4651 ac
1187 4589 1344 4652 hedificiis
1367 4592 1529 4672 omnibus,

267 4714 364 4756 unam
389 4695 545 4777 integram
571 4697 691 4758 curiam
716 4697 756 4758 ad
782 4717 875 4758 usum
899 4696 1034 4760 civitatis
1055 4697 1086 4758 in
1111 4716 1144 4758 se
1169 4698 1399 4776 continentem,
1423 4699 1528 4780 ipsum

269 4800 445 4883 Georgium
471 4801 641 4885 pellificem
666 4825 683 4864 a
708 4805 845 4866 condam
864 4805 964 4886 proba
988 4804 1122 4866 muliere
1148 4804 1326 4888 Elyzabeth
1351 4820 1462 4867 vocata
1480 4825 1529 4868 re·

267 4908 342 4970 licta
365 4909 503 4970 condam
529 4911 669 4990 magistri
696 4910 826 4994 Mathey
850 4911 927 4972 olim
955 4911 1069 4972 notarii
1095 4923 1126 4972 et
1150 4911 1291 4972 concivis
1316 4913 1428 4992 nostri,
1453 4931 1529 4974 con·

269 5015 337 5078 cive
362 5029 480 5096 nostra,
494 5015 588 5078 titulo
614 5017 794 5100 empcionis
818 5017 991 5079 literatorie
1010 5031 1269 5097 concernentem,
1293 5031 1388 5101 prout
1411 5018 1472 5081 hoc
1497 5019 1529 5082 in
