3840 5810
285 733 384 794 Elena
409 733 518 796 relicta
547 733 673 794 Martini
700 733 821 817 lwsych
846 733 965 815 legavit
990 733 1082 795 Petro
1109 733 1176 797 filio
1202 736 1357 798 lohannie
1383 737 1451 798 viro
1476 757 1547 816 su0,

283 853 317 901 ut
341 859 426 902 novo
451 839 575 902 concivi
600 853 722 920 nostro,
747 853 903 924 perpetuo
927 840 1155 922 possidendam
1188 854 1219 904 et
1242 843 1415 925 superinde
1440 857 1487 906 est
1510 844 1547 905 li·

281 961 347 1008 tera
371 948 430 1008 sub
455 945 609 1029 pendenti
634 946 742 1028 sigillo
765 945 1005 1008 communitatis
1029 961 1185 1010 emanata.

327 1167 406 1238 ltem
435 1165 518 1238 leria
547 1175 646 1238 sexta
675 1171 830 1256 proxima
859 1175 937 1239 ante
965 1169 1088 1240 leston
1122 1167 1377 1240 Purificacionis
1406 1171 1502 1242 beate

769 1289 911 1380 virginis
940 1293 1056 1364 Marie.

791 1455 850 1521 (31.
866 1447 1031 1520 Jirnuarr'r').

386 1585 464 1648 ltem
488 1585 689 1647 honorabilis
720 1585 768 1647 vir
802 1585 965 1664 dominus,
1002 1585 1154 1647 dominus
1187 1586 1349 1648 lohannes
1381 1601 1491 1648 cantor
1515 1601 1545 1649 et

280 1694 453 1755 canonicus
484 1691 616 1754 ecclesie
648 1693 747 1754 sancti
781 1692 865 1774 regis
901 1691 1068 1774 Stephani,
1099 1691 1262 1773 quandam
1295 1691 1429 1753 domum
1453 1712 1544 1754 suam

280 1813 344 1860 tam
369 1799 510 1880 ligneam
535 1817 632 1880 quarn
658 1811 816 1861 muratam
841 1799 872 1860 in
903 1799 987 1861 dicta
1011 1799 1148 1877 civitate,
1182 1819 1282 1880 penes
1309 1817 1436 1860 murum
1462 1799 1544 1860 eius·

281 1906 354 1966 dem
378 1905 525 1984 civitatis,
550 1905 632 1966 inter
655 1905 771 1967 domos
795 1920 826 1967 et
851 1905 954 1966 curias
978 1925 1033 1966 seu
1059 1904 1177 1967 fundos
1193 1905 1369 1966 liberorum
1394 1925 1451 1968 seu
1474 1925 1543 1967 suc·

281 2031 440 2074 cessorum
465 2011 602 2074 condam
629 2012 708 2095 Elye
734 2011 897 2090 institoris,
931 2013 971 2073 ab
997 2031 1058 2073 una
1083 2025 1182 2094 parte,
1214 2025 1245 2073 et
1268 2026 1357 2094 parte
1381 2013 1420 2074 ab
1445 2012 1543 2074 altera

281 2117 444 2181 Michaelis
467 2116 560 2199 jurati
585 2118 684 2180 nostri
702 2117 849 2180 moderni
875 2132 906 2179 et
923 2117 1052 2180 Thome
1081 2117 1248 2200 freniparis
1267 2133 1448 2180 nostrorum
1468 2137 1542 2180 con-

280 2223 397 2286 civium
432 2223 586 2302 habitam,
610 2223 751 2285 mediam
776 2225 896 2286 curiam
922 2239 952 2285 et
984 2223 1124 2286 mediam
1157 2237 1302 2286 octavam
1327 2223 1359 2285 in
1385 2243 1417 2286 se
1442 2224 1542 2286 conti-

280 2343 420 2408 nentem,
445 2329 597 2391 Ladislao
613 2331 741 2392 literato
769 2329 836 2391 lilio
856 2330 1021 2392 Michaelis
1038 2331 1077 2391 de
1096 2331 1257 2408 Drenoua,
1279 2330 1404 2392 concivi
1422 2344 1542 2408 nostro,

279 2457 336 2519 pro
359 2437 502 2499 serviciis
525 2437 590 2497 suis
614 2437 747 2498 donavit
770 2451 926 2519 perpetuo
951 2435 1189 2519 possidendam.

384 2543 460 2605 ltem
485 2542 617 2604 domina
651 2542 814 2604 Dorothea
842 2543 952 2606 relicta
984 2543 1122 2605 condam
1156 2543 1296 2605 Ladislai
1330 2543 1369 2605 de
1395 2543 1541 2622 prescire,

279 2647 484 2712 medietatem
508 2667 564 2710 seu
589 2663 711 2730 partem
736 2648 928 2712 anteriorem
953 2649 1119 2712 cuiusdam
1138 2649 1255 2712 domus
1279 2668 1336 2712 sue
1360 2663 1493 2728 murare,
1511 2665 1542 2711 et

280 2755 484 2816 medietatem
509 2775 566 2816 seu
583 2769 705 2838 partem
723 2756 934 2838 posteriorem
952 2757 1119 2818 cuiusdam
1144 2757 1260 2818 domus
1284 2756 1390 2837 lignee
1419 2755 1539 2818 ibidem

277 2881 375 2942 penes
408 2861 509 2944 ipsam
542 2861 676 2924 domum
709 2875 865 2924 muratam
902 2861 1028 2942 habite,
1060 2863 1092 2924 in
1126 2863 1252 2924 civitate
1284 2861 1426 2944 predicta
1459 2862 1540 2923 inter

279 2966 411 3028 domum
437 2982 595 3029 muratam
621 2981 651 3030 et
676 2967 813 3030 fundum
839 2969 1000 3031 Valentini
1026 2968 1065 3030 de
1094 2969 1263 3048 Vrbowcz,
1287 2971 1327 3030 ab
1352 2969 1484 3047 oriente,
1509 2981 1541 3030 et

280 3075 360 3136 inter
384 3074 518 3136 domum
543 3073 685 3156 ligneam
711 3089 742 3137 et
772 3073 908 3138 fundum
934 3075 1066 3156 Georgii
1099 3075 1233 3154 clientis,
1258 3095 1275 3136 a
1299 3075 1539 3158 septemtrione,

279 3201 336 3242 nec
360 3201 426 3242 non
451 3181 533 3243 inter
556 3181 635 3243 duas
659 3181 727 3244 vias
750 3201 807 3244 seu
830 3181 952 3264 plateas
976 3199 1165 3244 communes
1186 3181 1292 3244 habite
1310 3195 1340 3242 et
1365 3181 1539 3261 existentia,

280 3286 419 3348 mediam
453 3288 574 3349 curiam
607 3288 638 3348 in
670 3308 703 3350 se
734 3287 961 3351 tantummodo
995 3288 1226 3367 continentem,
1258 3307 1331 3349 cum
1355 3287 1420 3348 suis
1444 3288 1537 3370 perti-

279 3393 399 3454 nenciis
430 3407 461 3456 et
490 3393 681 3455 utilitatibus
713 3395 869 3456 universis
909 3395 1056 3456 Emerico
1088 3395 1187 3456 sutori
1227 3393 1295 3456 filio
1328 3393 1475 3474 Gregorii
1508 3409 1539 3456 et

279 3499 412 3562 Nicolao
436 3499 584 3562 similiter
617 3501 716 3562 sutori
750 3499 818 3562 filio
853 3501 1006 3584 Stephani
1039 3515 1069 3562 et
1101 3501 1244 3584 ipsorum
1277 3499 1449 3562 heredibus
1481 3521 1538 3582 pro

277 3605 404 3686 triginta
429 3620 568 3688 quatuor
592 3606 662 3668 flor.
687 3608 755 3668 auri
780 3607 926 3669 vendidit
941 3622 1098 3690 perpetuo
1123 3604 1350 3688 possidendam
1376 3619 1406 3666 et
1429 3625 1538 3689 super-

277 3711 351 3773 inde
375 3725 423 3774 est
445 3712 537 3775 litera
561 3713 620 3774 sub
645 3713 797 3795 pendenti
822 3713 930 3795 sigillo
955 3713 1196 3775 communitatis
1220 3725 1377 3774 emanata.

382 3817 459 3878 ltem
484 3819 677 3881 Benedictus
701 3817 785 3881 filius
811 3819 976 3882 Michaelis
1005 3819 1183 3882 Sebastiani
1220 3817 1382 3900 quandam
1407 3818 1536 3881 vineam

277 3943 366 3985 suam
391 3923 574 3986 lelenowcz
598 3939 756 4004 vocatam,
788 3945 859 3987 curn
891 3926 1032 4008 quadam
1056 3925 1150 3987 vinea
1181 3925 1305 3988 deserta
1331 3925 1537 3988 Kurolthow-

276 4029 371 4092 schak
395 4044 506 4091 vocata
531 4029 651 4092 ibidem
677 4031 796 4110 habita,
820 4052 855 4094 ac
880 4031 951 4094 aliis
977 4031 1122 4114 pluribus
1139 4032 1241 4094 vineis
1266 4032 1398 4094 desertis
1422 4029 1486 4112 jam
1505 4033 1536 4094 in

278 4137 373 4198 silvas
408 4136 555 4216 redactis,
587 4138 692 4199 eidem
725 4138 817 4200 vinee
850 4138 1031 4199 lelenowcz
1055 4151 1166 4199 vocate
1199 4139 1450 4219 circumquaque
1482 4158 1537 4199 an-

278 4244 375 4321 nexis,
401 4244 433 4304 in
458 4245 619 4306 territorio
644 4259 752 4306 nostro
784 4265 840 4307 seu
865 4245 1001 4306 civitatis
1033 4244 1173 4326 predicte
1199 4244 1281 4306 inter
1312 4245 1425 4305 silvam
1458 4243 1537 4305 libe·

278 4370 383 4413 rorum
410 4351 548 4412 condam
573 4352 699 4414 Nicolai
718 4351 905 4436 Petrenych,
930 4373 946 4413 a
964 4351 1205 4433 septemtrione,
1230 4349 1443 4412 ameridione
1461 4371 1537 4412 vero

278 4458 357 4519 inter
381 4457 511 4519 vineam
536 4471 567 4520 et
582 4459 696 4521 silvam
714 4459 869 4520 Johannis
886 4459 962 4521 dicti
980 4460 1083 4520 Janlro
1100 4457 1252 4536 habitam,
1270 4477 1342 4518 cum
1360 4457 1425 4518 suis
1442 4458 1536 4539 perti-

278 4565 397 4626 nenciis
422 4565 562 4628 Martino
600 4564 668 4626 lilio
701 4565 830 4627 Thome
864 4579 895 4627 et
925 4565 1097 4626 Valentino
1129 4563 1234 4646 jurato
1271 4561 1339 4624 lilio
1372 4563 1537 4624 Michaelis

278 4669 440 4753 Saronych
464 4671 611 4734 vendidit
635 4684 791 4754 perpetuo
816 4671 1054 4754 possidendam.

381 4777 458 4838 ltem
484 4777 640 4840 medietas
671 4775 781 4860 (hlorti
813 4777 950 4839 condam
986 4777 1124 4840 Ladislai
1158 4775 1310 4838 aurifabri
1344 4789 1374 4836 et
1399 4775 1535 4838 Emerici

278 4883 422 4945 similiter
445 4883 608 4963 aurifabri,
635 4885 666 4945 in
691 4884 851 4946 territorio
884 4897 915 4947 et
938 4885 1093 4946 suburbio
1126 4883 1264 4945 civitatis
1289 4881 1431 4964 predicte
1457 4882 1538 4943 inter

280 4989 429 5076 (h)ortum
457 4990 619 5058 Dorothee
644 4991 788 5058 mulieris
811 4991 919 5052 uxoris
943 4991 1063 5052 Vrbani
1095 4989 1210 5052 literati
1236 4987 1292 5049 lilii
1318 4987 1445 5050 Thome
1472 5007 1536 5050 car-
