<?xml version="1.0" encoding="UTF-8"?>
<!DOCTYPE html PUBLIC "-//W3C//DTD XHTML 1.0 Transitional//EN"
    "http://www.w3.org/TR/xhtml1/DTD/xhtml1-transitional.dtd">
<html xmlns="http://www.w3.org/1999/xhtml" xml:lang="en" lang="en">
 <head>
  <title>
</title>
<meta http-equiv="Content-Type" content="text/html;charset=utf-8" />
  <meta name='ocr-system' content='tesseract 3.04.00' />
  <meta name='ocr-capabilities' content='ocr_page ocr_carea ocr_par ocr_line ocrx_word'/>
</head>
<body>
  <div class='ocr_page' id='page_1' title='image "./monumentahistor21laszgoog_0303.png"; bbox 0 0 3854 5798; ppageno 0'>
   <div class='ocr_carea' id='block_1_1' title="bbox 782 601 1517 686">
    <p class='ocr_par' dir='ltr' id='par_1_1' title="bbox 782 601 1517 686">
     <span class='ocr_line' id='line_1_1' title="bbox 782 601 1517 686; baseline 0.001 -20"><span class='ocrx_word' id='word_1_1' title='bbox 782 607 869 666; x_wconf 78' lang='lat' dir='ltr'><em>Anno</em></span> <span class='ocrx_word' id='word_1_2' title='bbox 891 601 985 685; x_wconf 71' lang='lat'><em>1466.</em></span> <span class='ocrx_word' id='word_1_3' title='bbox 1455 625 1517 686; x_wconf 81' lang='lat'>²59</span> 
     </span>
    </p>
   </div>
   <div class='ocr_carea' id='block_1_2' title="bbox 254 713 416 722">
    <p class='ocr_par' dir='ltr' id='par_1_2' title="bbox 254 713 416 722">
     <span class='ocr_line' id='line_1_2' title="bbox 254 713 416 722; baseline -0.006 -1"><span class='ocrx_word' id='word_1_4' title='bbox 254 713 416 722; x_wconf 78' lang='lat'>———</span> 
     </span>
    </p>
   </div>
   <div class='ocr_carea' id='block_1_3' title="bbox 251 817 1537 3876">
    <p class='ocr_par' dir='ltr' id='par_1_3' title="bbox 251 817 1537 1434">
     <span class='ocr_line' id='line_1_3' title="bbox 251 817 1517 900; baseline 0.002 -22"><span class='ocrx_word' id='word_1_5' title='bbox 251 818 348 880; x_wconf 89' lang='lat' dir='ltr'>vendi</span> <span class='ocrx_word' id='word_1_6' title='bbox 372 819 579 880; x_wconf 82' lang='lat' dir='ltr'><strong>commissam</strong></span> <span class='ocrx_word' id='word_1_7' title='bbox 605 831 636 879; x_wconf 88' lang='lat' dir='ltr'>et</span> <span class='ocrx_word' id='word_1_8' title='bbox 659 817 829 900; x_wconf 88' lang='lat' dir='ltr'>pecuniam</span> <span class='ocrx_word' id='word_1_9' title='bbox 855 838 913 900; x_wconf 89' lang='lat' dir='ltr'>pro</span> <span class='ocrx_word' id='word_1_10' title='bbox 937 839 1001 900; x_wconf 91' lang='lat' dir='ltr'>qua</span> <span class='ocrx_word' id='word_1_11' title='bbox 1018 820 1174 882; x_wconf 88' lang='lat' dir='ltr'>vendetur</span> <span class='ocrx_word' id='word_1_12' title='bbox 1198 820 1238 881; x_wconf 91' lang='lat' dir='ltr'>ad</span> <span class='ocrx_word' id='word_1_13' title='bbox 1256 819 1409 882; x_wconf 82' lang='lat' dir='ltr'><strong>fabricam</strong></span> <span class='ocrx_word' id='word_1_14' title='bbox 1435 820 1517 881; x_wconf 90' lang='lat' dir='ltr'>eius·</span> 
     </span>
     <span class='ocr_line' id='line_1_4' title="bbox 251 923 1518 1006; baseline 0 -21"><span class='ocrx_word' id='word_1_15' title='bbox 251 924 326 986; x_wconf 91' lang='lat' dir='ltr'>dem</span> <span class='ocrx_word' id='word_1_16' title='bbox 351 924 486 986; x_wconf 82' lang='lat' dir='ltr'>ecclesie</span> <span class='ocrx_word' id='word_1_17' title='bbox 510 923 747 1005; x_wconf 90' lang='lat' dir='ltr'>exponendam,</span> <span class='ocrx_word' id='word_1_18' title='bbox 779 924 916 1006; x_wconf 91' lang='lat' dir='ltr'>provido</span> <span class='ocrx_word' id='word_1_19' title='bbox 948 925 1018 986; x_wconf 91' lang='lat' dir='ltr'>viro</span> <span class='ocrx_word' id='word_1_20' title='bbox 1043 925 1216 987; x_wconf 82' lang='lat' dir='ltr'>Valentino</span> <span class='ocrx_word' id='word_1_21' title='bbox 1248 926 1360 988; x_wconf 90' lang='lat' dir='ltr'>sartori</span> <span class='ocrx_word' id='word_1_22' title='bbox 1392 925 1518 988; x_wconf 87' lang='lat' dir='ltr'>concivi</span> 
     </span>
     <span class='ocr_line' id='line_1_5' title="bbox 252 1028 1537 1115; baseline 0.002 -23"><span class='ocrx_word' id='word_1_23' title='bbox 252 1043 362 1092; x_wconf 88' lang='lat' dir='ltr'>nostro</span> <span class='ocrx_word' id='word_1_24' title='bbox 387 1028 455 1092; x_wconf 91' lang='lat' dir='ltr'>filio</span> <span class='ocrx_word' id='word_1_25' title='bbox 479 1030 614 1092; x_wconf 88' lang='lat' dir='ltr'>Fabiani</span> <span class='ocrx_word' id='word_1_26' title='bbox 632 1029 672 1090; x_wconf 89' lang='lat' dir='ltr'>de</span> <span class='ocrx_word' id='word_1_27' title='bbox 696 1029 773 1090; x_wconf 93' lang='lat' dir='ltr'>villa</span> <span class='ocrx_word' id='word_1_28' title='bbox 794 1029 951 1115; x_wconf 88' lang='lat' dir='ltr'>Brezthye</span> <span class='ocrx_word' id='word_1_29' title='bbox 968 1051 1027 1112; x_wconf 93' lang='lat' dir='ltr'>pro</span> <span class='ocrx_word' id='word_1_30' title='bbox 1044 1047 1118 1094; x_wconf 90' lang='lat' dir='ltr'>octo</span> <span class='ocrx_word' id='word_1_31' title='bbox 1135 1031 1205 1095; x_wconf 89' lang='lat' dir='ltr'>flor.</span> <span class='ocrx_word' id='word_1_32' title='bbox 1229 1033 1299 1094; x_wconf 91' lang='lat' dir='ltr'>auri</span> <span class='ocrx_word' id='word_1_33' title='bbox 1324 1031 1537 1094; x_wconf 82' lang='lat' dir='ltr'>vendidisset‘</span> 
     </span>
     <span class='ocr_line' id='line_1_6' title="bbox 254 1136 1518 1220; baseline 0.001 -21"><span class='ocrx_word' id='word_1_34' title='bbox 254 1137 323 1220; x_wconf 88' lang='lat' dir='ltr'>jure</span> <span class='ocrx_word' id='word_1_35' title='bbox 347 1150 504 1220; x_wconf 87' lang='lat' dir='ltr'>perpetuo</span> <span class='ocrx_word' id='word_1_36' title='bbox 529 1150 560 1197; x_wconf 91' lang='lat' dir='ltr'>et</span> <span class='ocrx_word' id='word_1_37' title='bbox 591 1136 844 1198; x_wconf 77' lang='lat' dir='ltr'>irrevocabiliter</span> <span class='ocrx_word' id='word_1_38' title='bbox 875 1137 1116 1218; x_wconf 81' lang='lat' dir='ltr'>possidendam,</span> <span class='ocrx_word' id='word_1_39' title='bbox 1146 1137 1319 1200; x_wconf 89' lang='lat' dir='ltr'>tenendam</span> <span class='ocrx_word' id='word_1_40' title='bbox 1344 1139 1461 1220; x_wconf 89' lang='lat' dir='ltr'>pariter</span> <span class='ocrx_word' id='word_1_41' title='bbox 1486 1150 1518 1200; x_wconf 94' lang='lat' dir='ltr'>et</span> 
     </span>
     <span class='ocr_line' id='line_1_7' title="bbox 256 1241 1516 1326; baseline 0 -20"><span class='ocrx_word' id='word_1_42' title='bbox 256 1243 439 1307; x_wconf 85' lang='lat' dir='ltr'>habendam</span> <span class='ocrx_word' id='word_1_43' title='bbox 464 1264 499 1306; x_wconf 92' lang='lat' dir='ltr'>ac</span> <span class='ocrx_word' id='word_1_44' title='bbox 526 1241 613 1324; x_wconf 80' lang='lat' dir='ltr'>juxta</span> <span class='ocrx_word' id='word_1_45' title='bbox 637 1241 863 1304; x_wconf 89' lang='lat' dir='ltr'>condicionem</span> <span class='ocrx_word' id='word_1_46' title='bbox 896 1241 979 1305; x_wconf 91' lang='lat' dir='ltr'>dicte</span> <span class='ocrx_word' id='word_1_47' title='bbox 1016 1243 1151 1305; x_wconf 91' lang='lat' dir='ltr'>civitatis</span> <span class='ocrx_word' id='word_1_48' title='bbox 1175 1244 1216 1306; x_wconf 93' lang='lat' dir='ltr'>ab</span> <span class='ocrx_word' id='word_1_49' title='bbox 1239 1244 1374 1326; x_wconf 91' lang='lat' dir='ltr'>antiquo</span> <span class='ocrx_word' id='word_1_50' title='bbox 1406 1243 1516 1306; x_wconf 92' lang='lat' dir='ltr'>lauda-</span> 
     </span>
     <span class='ocr_line' id='line_1_8' title="bbox 254 1349 1366 1434; baseline 0 -21"><span class='ocrx_word' id='word_1_51' title='bbox 254 1351 361 1414; x_wconf 90' lang='lat' dir='ltr'>biliter</span> <span class='ocrx_word' id='word_1_52' title='bbox 384 1351 593 1432; x_wconf 83' lang='lat' dir='ltr'>approbatam</span> <span class='ocrx_word' id='word_1_53' title='bbox 619 1349 929 1431; x_wconf 87' lang='lat' dir='ltr'>quomodocumque</span> <span class='ocrx_word' id='word_1_54' title='bbox 956 1350 1095 1412; x_wconf 90' lang='lat' dir='ltr'>voluerit</span> <span class='ocrx_word' id='word_1_55' title='bbox 1118 1350 1366 1434; x_wconf 90' lang='lat' dir='ltr'>disponendam.</span> 
     </span>
    </p>

    <p class='ocr_par' dir='ltr' id='par_1_4' title="bbox 253 1455 1522 2687">
     <span class='ocr_line' id='line_1_9' title="bbox 358 1455 1520 1538; baseline 0.002 -20"><span class='ocrx_word' id='word_1_56' title='bbox 358 1455 438 1519; x_wconf 89' lang='lat' dir='ltr'>Item</span> <span class='ocrx_word' id='word_1_57' title='bbox 462 1455 538 1538; x_wconf 91' lang='lat' dir='ltr'>quia</span> <span class='ocrx_word' id='word_1_58' title='bbox 563 1455 666 1517; x_wconf 89' lang='lat' dir='ltr'>Lucas</span> <span class='ocrx_word' id='word_1_59' title='bbox 689 1469 791 1517; x_wconf 81' lang='lat' dir='ltr'>sartor</span> <span class='ocrx_word' id='word_1_60' title='bbox 815 1456 956 1518; x_wconf 83' lang='lat' dir='ltr'>concivis</span> <span class='ocrx_word' id='word_1_61' title='bbox 980 1469 1089 1518; x_wconf 87' lang='lat' dir='ltr'>noster</span> <span class='ocrx_word' id='word_1_62' title='bbox 1109 1455 1195 1518; x_wconf 89' lang='lat' dir='ltr'>filius</span> <span class='ocrx_word' id='word_1_63' title='bbox 1221 1457 1377 1519; x_wconf 90' lang='lat' dir='ltr'>Johannis</span> <span class='ocrx_word' id='word_1_64' title='bbox 1401 1456 1441 1520; x_wconf 89' lang='lat' dir='ltr'>de</span> <span class='ocrx_word' id='word_1_65' title='bbox 1462 1477 1520 1520; x_wconf 88' lang='lat' dir='ltr'>ve·</span> 
     </span>
     <span class='ocr_line' id='line_1_10' title="bbox 253 1560 1519 1645; baseline 0.001 -20"><span class='ocrx_word' id='word_1_66' title='bbox 253 1562 312 1626; x_wconf 93' lang='lat' dir='ltr'>teri</span> <span class='ocrx_word' id='word_1_67' title='bbox 338 1560 492 1645; x_wconf 90' lang='lat' dir='ltr'>bechan</span> <span class='ocrx_word' id='word_1_68' title='bbox 517 1561 663 1623; x_wconf 85' lang='lat' dir='ltr'>vendidit</span> <span class='ocrx_word' id='word_1_69' title='bbox 687 1562 851 1643; x_wconf 90' lang='lat' dir='ltr'>quandam</span> <span class='ocrx_word' id='word_1_70' title='bbox 880 1562 1007 1626; x_wconf 90' lang='lat' dir='ltr'>vineam</span> <span class='ocrx_word' id='word_1_71' title='bbox 1042 1583 1133 1624; x_wconf 89' lang='lat' dir='ltr'>suam</span> <span class='ocrx_word' id='word_1_72' title='bbox 1167 1563 1199 1626; x_wconf 93' lang='lat' dir='ltr'>in</span> <span class='ocrx_word' id='word_1_73' title='bbox 1224 1565 1385 1627; x_wconf 88' lang='lat' dir='ltr'>territorio</span> <span class='ocrx_word' id='word_1_74' title='bbox 1409 1577 1519 1626; x_wconf 88' lang='lat' dir='ltr'>nostro</span> 
     </span>
     <span class='ocr_line' id='line_1_11' title="bbox 254 1668 1519 1751; baseline -0.002 -19"><span class='ocrx_word' id='word_1_75' title='bbox 254 1689 310 1732; x_wconf 88' lang='lat' dir='ltr'>seu</span> <span class='ocrx_word' id='word_1_76' title='bbox 335 1669 471 1731; x_wconf 87' lang='lat' dir='ltr'>civitatis</span> <span class='ocrx_word' id='word_1_77' title='bbox 496 1668 638 1751; x_wconf 90' lang='lat' dir='ltr'>predicte</span> <span class='ocrx_word' id='word_1_78' title='bbox 663 1668 745 1730; x_wconf 92' lang='lat' dir='ltr'>inter</span> <span class='ocrx_word' id='word_1_79' title='bbox 770 1669 897 1730; x_wconf 89' lang='lat' dir='ltr'>vineam</span> <span class='ocrx_word' id='word_1_80' title='bbox 923 1669 1079 1731; x_wconf 85' lang='lat' dir='ltr'>Anthonii</span> <span class='ocrx_word' id='word_1_81' title='bbox 1097 1669 1233 1731; x_wconf 88' lang='lat' dir='ltr'>senioris</span> <span class='ocrx_word' id='word_1_82' title='bbox 1256 1669 1371 1750; x_wconf 87' lang='lat' dir='ltr'>judicis</span> <span class='ocrx_word' id='word_1_83' title='bbox 1395 1683 1426 1732; x_wconf 91' lang='lat' dir='ltr'>et</span> <span class='ocrx_word' id='word_1_84' title='bbox 1443 1689 1519 1732; x_wconf 92' lang='lat' dir='ltr'>con·</span> 
     </span>
     <span class='ocr_line' id='line_1_12' title="bbox 254 1773 1516 1857; baseline 0 -20"><span class='ocrx_word' id='word_1_85' title='bbox 254 1775 332 1838; x_wconf 92' lang='lat' dir='ltr'>civis</span> <span class='ocrx_word' id='word_1_86' title='bbox 348 1774 448 1836; x_wconf 88' lang='lat' dir='ltr'>nostri</span> <span class='ocrx_word' id='word_1_87' title='bbox 465 1773 523 1836; x_wconf 85' lang='lat' dir='ltr'>filii</span> <span class='ocrx_word' id='word_1_88' title='bbox 548 1774 688 1852; x_wconf 89' lang='lat' dir='ltr'>Thome,</span> <span class='ocrx_word' id='word_1_89' title='bbox 713 1774 1000 1856; x_wconf 86' lang='lat' dir='ltr'>aseptemtrionali</span> <span class='ocrx_word' id='word_1_90' title='bbox 1017 1787 1117 1857; x_wconf 91' lang='lat' dir='ltr'>parte,</span> <span class='ocrx_word' id='word_1_91' title='bbox 1141 1795 1178 1836; x_wconf 94' lang='lat' dir='ltr'>ac</span> <span class='ocrx_word' id='word_1_92' title='bbox 1201 1775 1348 1837; x_wconf 89' lang='lat' dir='ltr'>similiter</span> <span class='ocrx_word' id='word_1_93' title='bbox 1371 1776 1454 1838; x_wconf 90' lang='lat' dir='ltr'>inter</span> <span class='ocrx_word' id='word_1_94' title='bbox 1470 1775 1516 1837; x_wconf 93' lang='lat' dir='ltr'>vi-</span> 
     </span>
     <span class='ocr_line' id='line_1_13' title="bbox 254 1879 1519 1964; baseline -0.001 -21"><span class='ocrx_word' id='word_1_95' title='bbox 254 1901 347 1943; x_wconf 92' lang='lat' dir='ltr'>neam</span> <span class='ocrx_word' id='word_1_96' title='bbox 366 1879 497 1960; x_wconf 82' lang='lat' dir='ltr'>Georgii</span> <span class='ocrx_word' id='word_1_97' title='bbox 516 1880 644 1942; x_wconf 89' lang='lat' dir='ltr'>sartoris</span> <span class='ocrx_word' id='word_1_98' title='bbox 661 1879 877 1962; x_wconf 86' lang='lat' dir='ltr'>lelowchych,</span> <span class='ocrx_word' id='word_1_99' title='bbox 888 1901 905 1941; x_wconf 93' lang='lat' dir='ltr'>a</span> <span class='ocrx_word' id='word_1_100' title='bbox 916 1893 1004 1962; x_wconf 89' lang='lat' dir='ltr'>parte</span> <span class='ocrx_word' id='word_1_101' title='bbox 1018 1881 1222 1942; x_wconf 90' lang='lat' dir='ltr'>meridionali</span> <span class='ocrx_word' id='word_1_102' title='bbox 1239 1881 1519 1964; x_wconf 82' lang='lat' dir='ltr'>Pondychewscalr</span> 
     </span>
     <span class='ocr_line' id='line_1_14' title="bbox 256 1986 1521 2070; baseline -0.001 -20"><span class='ocrx_word' id='word_1_103' title='bbox 256 1987 462 2070; x_wconf 73' lang='lat' dir='ltr'>appellatam,</span> <span class='ocrx_word' id='word_1_104' title='bbox 500 1987 636 2069; x_wconf 87' lang='lat' dir='ltr'>desuper</span> <span class='ocrx_word' id='word_1_105' title='bbox 667 1986 759 2048; x_wconf 90' lang='lat' dir='ltr'>avia</span> <span class='ocrx_word' id='word_1_106' title='bbox 791 1987 956 2048; x_wconf 90' lang='lat' dir='ltr'>communi</span> <span class='ocrx_word' id='word_1_107' title='bbox 989 2006 1104 2068; x_wconf 90' lang='lat' dir='ltr'>magna</span> <span class='ocrx_word' id='word_1_108' title='bbox 1135 1989 1176 2049; x_wconf 89' lang='lat' dir='ltr'>ab</span> <span class='ocrx_word' id='word_1_109' title='bbox 1207 1987 1332 2050; x_wconf 89' lang='lat' dir='ltr'>oriente</span> <span class='ocrx_word' id='word_1_110' title='bbox 1355 1986 1464 2050; x_wconf 86' lang='lat' dir='ltr'>habita</span> <span class='ocrx_word' id='word_1_111' title='bbox 1488 2000 1521 2049; x_wconf 90' lang='lat' dir='ltr'>et</span> 
     </span>
     <span class='ocr_line' id='line_1_15' title="bbox 255 2091 1520 2176; baseline -0.002 -20"><span class='ocrx_word' id='word_1_112' title='bbox 255 2093 337 2156; x_wconf 83' lang='lat' dir='ltr'>infra</span> <span class='ocrx_word' id='word_1_113' title='bbox 363 2112 465 2176; x_wconf 87' lang='lat' dir='ltr'>usque</span> <span class='ocrx_word' id='word_1_114' title='bbox 489 2093 640 2172; x_wconf 89' lang='lat' dir='ltr'>rivulum,</span> <span class='ocrx_word' id='word_1_115' title='bbox 665 2092 761 2154; x_wconf 89' lang='lat' dir='ltr'>simul</span> <span class='ocrx_word' id='word_1_116' title='bbox 786 2111 858 2154; x_wconf 91' lang='lat' dir='ltr'>cum</span> <span class='ocrx_word' id='word_1_117' title='bbox 876 2093 1016 2174; x_wconf 89' lang='lat' dir='ltr'>virgulto</span> <span class='ocrx_word' id='word_1_118' title='bbox 1034 2092 1140 2155; x_wconf 93' lang='lat' dir='ltr'>eidem</span> <span class='ocrx_word' id='word_1_119' title='bbox 1163 2111 1255 2154; x_wconf 80' lang='lat' dir='ltr'>vinee</span> <span class='ocrx_word' id='word_1_120' title='bbox 1280 2113 1297 2155; x_wconf 93' lang='lat' dir='ltr'>a</span> <span class='ocrx_word' id='word_1_121' title='bbox 1322 2105 1410 2175; x_wconf 87' lang='lat' dir='ltr'>parte</span> <span class='ocrx_word' id='word_1_122' title='bbox 1435 2091 1520 2154; x_wconf 90' lang='lat' dir='ltr'>occi·</span> 
     </span>
     <span class='ocr_line' id='line_1_16' title="bbox 257 2198 1521 2282; baseline -0.001 -21"><span class='ocrx_word' id='word_1_123' title='bbox 257 2199 361 2262; x_wconf 88' lang='lat' dir='ltr'>dentis</span> <span class='ocrx_word' id='word_1_124' title='bbox 385 2199 561 2282; x_wconf 89' lang='lat' dir='ltr'>subjacenti</span> <span class='ocrx_word' id='word_1_125' title='bbox 586 2218 619 2260; x_wconf 91' lang='lat' dir='ltr'>se</span> <span class='ocrx_word' id='word_1_126' title='bbox 644 2198 881 2277; x_wconf 85' lang='lat' dir='ltr'>extendentem,</span> <span class='ocrx_word' id='word_1_127' title='bbox 905 2199 1010 2282; x_wconf 91' lang='lat' dir='ltr'>ipsum</span> <span class='ocrx_word' id='word_1_128' title='bbox 1036 2199 1157 2261; x_wconf 89' lang='lat' dir='ltr'>Lucam</span> <span class='ocrx_word' id='word_1_129' title='bbox 1182 2220 1199 2260; x_wconf 93' lang='lat' dir='ltr'>a</span> <span class='ocrx_word' id='word_1_130' title='bbox 1225 2199 1359 2282; x_wconf 89' lang='lat' dir='ltr'>provida</span> <span class='ocrx_word' id='word_1_131' title='bbox 1384 2198 1521 2260; x_wconf 88' lang='lat' dir='ltr'>muliere</span> 
     </span>
     <span class='ocr_line' id='line_1_17' title="bbox 257 2303 1520 2389; baseline -0.002 -21"><span class='ocrx_word' id='word_1_132' title='bbox 257 2306 431 2368; x_wconf 87' lang='lat' dir='ltr'>Scolastica</span> <span class='ocrx_word' id='word_1_133' title='bbox 456 2318 603 2367; x_wconf 87' lang='lat' dir='ltr'>consorte</span> <span class='ocrx_word' id='word_1_134' title='bbox 628 2325 684 2366; x_wconf 90' lang='lat' dir='ltr'>sua</span> <span class='ocrx_word' id='word_1_135' title='bbox 709 2304 818 2367; x_wconf 90' lang='lat' dir='ltr'>relicta</span> <span class='ocrx_word' id='word_1_136' title='bbox 843 2324 920 2366; x_wconf 92' lang='lat' dir='ltr'>vero</span> <span class='ocrx_word' id='word_1_137' title='bbox 945 2304 1082 2367; x_wconf 91' lang='lat' dir='ltr'>condam</span> <span class='ocrx_word' id='word_1_138' title='bbox 1108 2304 1275 2366; x_wconf 90' lang='lat' dir='ltr'>Benedicti</span> <span class='ocrx_word' id='word_1_139' title='bbox 1299 2304 1356 2367; x_wconf 90' lang='lat' dir='ltr'>filii</span> <span class='ocrx_word' id='word_1_140' title='bbox 1382 2303 1520 2389; x_wconf 90' lang='lat' dir='ltr'>Gywani</span> 
     </span>
     <span class='ocr_line' id='line_1_18' title="bbox 256 2409 1520 2495; baseline -0.002 -22"><span class='ocrx_word' id='word_1_141' title='bbox 256 2411 496 2495; x_wconf 78' lang='lat' dir='ltr'>propinationis</span> <span class='ocrx_word' id='word_1_142' title='bbox 520 2410 615 2472; x_wconf 92' lang='lat' dir='ltr'>titulo</span> <span class='ocrx_word' id='word_1_143' title='bbox 639 2411 814 2472; x_wconf 89' lang='lat' dir='ltr'>literatorie</span> <span class='ocrx_word' id='word_1_144' title='bbox 840 2425 1087 2473; x_wconf 90' lang='lat' dir='ltr'>concernentem</span> <span class='ocrx_word' id='word_1_145' title='bbox 1110 2410 1234 2494; x_wconf 85' lang='lat' dir='ltr'>prefato</span> <span class='ocrx_word' id='word_1_146' title='bbox 1260 2411 1398 2473; x_wconf 89' lang='lat' dir='ltr'>Martino</span> <span class='ocrx_word' id='word_1_147' title='bbox 1423 2409 1520 2492; x_wconf 86' lang='lat' dir='ltr'>judici</span> 
     </span>
     <span class='ocr_line' id='line_1_19' title="bbox 258 2515 1522 2603; baseline -0.001 -24"><span class='ocrx_word' id='word_1_148' title='bbox 258 2537 316 2603; x_wconf 91' lang='lat' dir='ltr'>pro</span> <span class='ocrx_word' id='word_1_149' title='bbox 341 2517 482 2599; x_wconf 89' lang='lat' dir='ltr'>quadam</span> <span class='ocrx_word' id='word_1_150' title='bbox 506 2517 569 2579; x_wconf 90' lang='lat' dir='ltr'>alia</span> <span class='ocrx_word' id='word_1_151' title='bbox 594 2517 686 2579; x_wconf 91' lang='lat' dir='ltr'>vinea</span> <span class='ocrx_word' id='word_1_152' title='bbox 711 2537 767 2580; x_wconf 88' lang='lat' dir='ltr'>sua</span> <span class='ocrx_word' id='word_1_153' title='bbox 800 2537 856 2599; x_wconf 87' lang='lat' dir='ltr'>per</span> <span class='ocrx_word' id='word_1_154' title='bbox 886 2517 1019 2579; x_wconf 93' lang='lat' dir='ltr'>modum</span> <span class='ocrx_word' id='word_1_155' title='bbox 1052 2518 1304 2601; x_wconf 89' lang='lat' dir='ltr'>permutacionis</span> <span class='ocrx_word' id='word_1_156' title='bbox 1328 2515 1468 2578; x_wconf 89' lang='lat' dir='ltr'>dedisset</span> <span class='ocrx_word' id='word_1_157' title='bbox 1490 2528 1522 2578; x_wconf 90' lang='lat' dir='ltr'>et</span> 
     </span>
     <span class='ocr_line' id='line_1_20' title="bbox 257 2624 784 2687; baseline 0 -1"><span class='ocrx_word' id='word_1_158' title='bbox 257 2625 445 2687; x_wconf 91' lang='lat' dir='ltr'>contulisset</span> <span class='ocrx_word' id='word_1_159' title='bbox 469 2637 500 2686; x_wconf 93' lang='lat' dir='ltr'>et</span> <span class='ocrx_word' id='word_1_160' title='bbox 521 2624 784 2687; x_wconf 85' lang='lat' dir='ltr'>concambiasset.</span> 
     </span>
    </p>

    <p class='ocr_par' dir='ltr' id='par_1_5' title="bbox 256 2722 1525 3876">
     <span class='ocr_line' id='line_1_21' title="bbox 328 2722 1521 2812; baseline -0.003 -21"><span class='ocrx_word' id='word_1_161' title='bbox 328 2722 330 2726; x_wconf 67' lang='grc'><strong>’</strong></span> <span class='ocrx_word' id='word_1_162' title='bbox 363 2730 461 2805; x_wconf 92' lang='lat' dir='ltr'>Quod</span> <span class='ocrx_word' id='word_1_163' title='bbox 486 2730 562 2812; x_wconf 93' lang='lat' dir='ltr'>quia</span> <span class='ocrx_word' id='word_1_164' title='bbox 579 2731 627 2791; x_wconf 88' lang='lat' dir='ltr'>vir</span> <span class='ocrx_word' id='word_1_165' title='bbox 643 2729 798 2812; x_wconf 90' lang='lat' dir='ltr'>providus</span> <span class='ocrx_word' id='word_1_166' title='bbox 823 2743 853 2792; x_wconf 88' lang='lat' dir='ltr'>et</span> <span class='ocrx_word' id='word_1_167' title='bbox 870 2729 1023 2791; x_wconf 87' lang='lat' dir='ltr'>honestus</span> <span class='ocrx_word' id='word_1_168' title='bbox 1041 2729 1166 2794; x_wconf 88' lang='lat' dir='ltr'>Marcus</span> <span class='ocrx_word' id='word_1_169' title='bbox 1183 2727 1321 2792; x_wconf 83' lang='lat' dir='ltr'>carnifex</span> <span class='ocrx_word' id='word_1_170' title='bbox 1346 2727 1521 2789; x_wconf 88' lang='lat' dir='ltr'>modernus</span> 
     </span>
     <span class='ocr_line' id='line_1_22' title="bbox 256 2832 1519 2920; baseline -0.005 -21"><span class='ocrx_word' id='word_1_171' title='bbox 256 2851 378 2920; x_wconf 67' lang='lat' dir='ltr'>juratus</span> <span class='ocrx_word' id='word_1_172' title='bbox 402 2851 432 2898; x_wconf 85' lang='lat' dir='ltr'>et</span> <span class='ocrx_word' id='word_1_173' title='bbox 456 2836 597 2898; x_wconf 89' lang='lat' dir='ltr'>concivis</span> <span class='ocrx_word' id='word_1_174' title='bbox 629 2851 738 2898; x_wconf 90' lang='lat' dir='ltr'>noster</span> <span class='ocrx_word' id='word_1_175' title='bbox 769 2836 872 2896; x_wconf 89' lang='lat' dir='ltr'>dictus</span> <span class='ocrx_word' id='word_1_176' title='bbox 897 2834 1153 2918; x_wconf 83' lang='lat' dir='ltr'>Gywralrowych</span> <span class='ocrx_word' id='word_1_177' title='bbox 1186 2833 1331 2896; x_wconf 89' lang='lat' dir='ltr'>vendidit</span> <span class='ocrx_word' id='word_1_178' title='bbox 1355 2832 1519 2915; x_wconf 89' lang='lat' dir='ltr'>quandam</span> 
     </span>
     <span class='ocr_line' id='line_1_23' title="bbox 258 2939 1522 3004; baseline -0.002 -1"><span class='ocrx_word' id='word_1_179' title='bbox 258 2943 386 3004; x_wconf 87' lang='lat' dir='ltr'>vineam</span> <span class='ocrx_word' id='word_1_180' title='bbox 411 2961 502 3004; x_wconf 87' lang='lat' dir='ltr'>suam</span> <span class='ocrx_word' id='word_1_181' title='bbox 526 2943 558 3004; x_wconf 93' lang='lat' dir='ltr'>in</span> <span class='ocrx_word' id='word_1_182' title='bbox 583 2941 743 3004; x_wconf 88' lang='lat' dir='ltr'>territorio</span> <span class='ocrx_word' id='word_1_183' title='bbox 768 2941 853 3003; x_wconf 89' lang='lat' dir='ltr'>dicte</span> <span class='ocrx_word' id='word_1_184' title='bbox 877 2941 1013 3002; x_wconf 88' lang='lat' dir='ltr'>civitatis</span> <span class='ocrx_word' id='word_1_185' title='bbox 1037 2961 1072 3002; x_wconf 90' lang='lat' dir='ltr'>ac</span> <span class='ocrx_word' id='word_1_186' title='bbox 1091 2941 1173 3003; x_wconf 91' lang='lat' dir='ltr'>inter</span> <span class='ocrx_word' id='word_1_187' title='bbox 1195 2940 1306 3003; x_wconf 90' lang='lat' dir='ltr'>vineas</span> <span class='ocrx_word' id='word_1_188' title='bbox 1329 2939 1522 3001; x_wconf 88' lang='lat' dir='ltr'>videliceta</span> 
     </span>
     <span class='ocr_line' id='line_1_24' title="bbox 258 3045 1520 3134; baseline -0.006 -22"><span class='ocrx_word' id='word_1_189' title='bbox 258 3064 348 3133; x_wconf 90' lang='lat' dir='ltr'>parte</span> <span class='ocrx_word' id='word_1_190' title='bbox 366 3049 570 3112; x_wconf 87' lang='lat' dir='ltr'>meridionali</span> <span class='ocrx_word' id='word_1_191' title='bbox 588 3049 750 3112; x_wconf 90' lang='lat' dir='ltr'>Valentini</span> <span class='ocrx_word' id='word_1_192' title='bbox 768 3048 903 3110; x_wconf 87' lang='lat' dir='ltr'>senioris</span> <span class='ocrx_word' id='word_1_193' title='bbox 919 3048 1034 3130; x_wconf 89' lang='lat' dir='ltr'>judicis</span> <span class='ocrx_word' id='word_1_194' title='bbox 1051 3061 1082 3109; x_wconf 89' lang='lat' dir='ltr'>et</span> <span class='ocrx_word' id='word_1_195' title='bbox 1107 3047 1247 3109; x_wconf 86' lang='lat' dir='ltr'>concivis</span> <span class='ocrx_word' id='word_1_196' title='bbox 1265 3066 1323 3108; x_wconf 91' lang='lat' dir='ltr'>nec</span> <span class='ocrx_word' id='word_1_197' title='bbox 1347 3065 1418 3134; x_wconf 86' lang='lat' dir='ltr'>non</span> <span class='ocrx_word' id='word_1_198' title='bbox 1438 3045 1520 3106; x_wconf 91' lang='lat' dir='ltr'>inter</span> 
     </span>
     <span class='ocr_line' id='line_1_25' title="bbox 258 3145 1518 3239; baseline -0.005 -22"><span class='ocrx_word' id='word_1_199' title='bbox 258 3145 386 3219; x_wconf 87' lang='lat' dir='ltr'>vineam</span> <span class='ocrx_word' id='word_1_200' title='bbox 412 3157 540 3218; x_wconf 89' lang='lat' dir='ltr'>Martini</span> <span class='ocrx_word' id='word_1_201' title='bbox 566 3156 705 3238; x_wconf 82' lang='lat' dir='ltr'>agricole</span> <span class='ocrx_word' id='word_1_202' title='bbox 724 3153 962 3239; x_wconf 84' lang='lat' dir='ltr'>Mrawlrowych</span> <span class='ocrx_word' id='word_1_203' title='bbox 987 3154 1062 3216; x_wconf 91' lang='lat' dir='ltr'>dicti</span> <span class='ocrx_word' id='word_1_204' title='bbox 1081 3154 1229 3216; x_wconf 91' lang='lat' dir='ltr'>similiter</span> <span class='ocrx_word' id='word_1_205' title='bbox 1253 3153 1394 3214; x_wconf 82' lang='lat' dir='ltr'>concivis</span> <span class='ocrx_word' id='word_1_206' title='bbox 1417 3151 1518 3212; x_wconf 91' lang='lat' dir='ltr'>nostri</span> 
     </span>
     <span class='ocr_line' id='line_1_26' title="bbox 258 3258 1524 3350; baseline -0.006 -25"><span class='ocrx_word' id='word_1_207' title='bbox 258 3278 389 3347; x_wconf 92' lang='lat' dir='ltr'>aparte</span> <span class='ocrx_word' id='word_1_208' title='bbox 421 3263 687 3345; x_wconf 88' lang='lat' dir='ltr'>septemtrionali,</span> <span class='ocrx_word' id='word_1_209' title='bbox 720 3262 857 3344; x_wconf 89' lang='lat' dir='ltr'>desuper</span> <span class='ocrx_word' id='word_1_210' title='bbox 889 3281 906 3322; x_wconf 93' lang='lat' dir='ltr'>a</span> <span class='ocrx_word' id='word_1_211' title='bbox 939 3275 1025 3343; x_wconf 87' lang='lat' dir='ltr'>parte</span> <span class='ocrx_word' id='word_1_212' title='bbox 1059 3259 1207 3350; x_wconf 85' lang='lat' dir='ltr'>orientali</span> <span class='ocrx_word' id='word_1_213' title='bbox 1240 3261 1325 3320; x_wconf 92' lang='lat' dir='ltr'>viam</span> <span class='ocrx_word' id='word_1_214' title='bbox 1359 3258 1524 3341; x_wconf 89' lang='lat' dir='ltr'>publicam</span> 
     </span>
     <span class='ocr_line' id='line_1_27' title="bbox 260 3365 1525 3450; baseline -0.005 -19"><span class='ocrx_word' id='word_1_215' title='bbox 260 3387 466 3431; x_wconf 88' lang='lat' dir='ltr'>communem</span> <span class='ocrx_word' id='word_1_216' title='bbox 491 3388 592 3450; x_wconf 89' lang='lat' dir='ltr'>usque</span> <span class='ocrx_word' id='word_1_217' title='bbox 609 3369 750 3430; x_wconf 91' lang='lat' dir='ltr'>rivulum</span> <span class='ocrx_word' id='word_1_218' title='bbox 774 3387 791 3429; x_wconf 89' lang='lat' dir='ltr'>a</span> <span class='ocrx_word' id='word_1_219' title='bbox 817 3381 905 3449; x_wconf 89' lang='lat' dir='ltr'>parte</span> <span class='ocrx_word' id='word_1_220' title='bbox 923 3367 1098 3428; x_wconf 89' lang='lat' dir='ltr'>occidentis</span> <span class='ocrx_word' id='word_1_221' title='bbox 1115 3386 1148 3427; x_wconf 88' lang='lat' dir='ltr'>se</span> <span class='ocrx_word' id='word_1_222' title='bbox 1165 3365 1402 3446; x_wconf 85' lang='lat' dir='ltr'>extendentem,</span> <span class='ocrx_word' id='word_1_223' title='bbox 1419 3365 1525 3446; x_wconf 89' lang='lat' dir='ltr'>ipsum</span> 
     </span>
     <span class='ocr_line' id='line_1_28' title="bbox 259 3472 1523 3555; baseline -0.003 -19"><span class='ocrx_word' id='word_1_224' title='bbox 259 3475 411 3537; x_wconf 83' lang='lat' dir='ltr'>videlicet</span> <span class='ocrx_word' id='word_1_225' title='bbox 435 3475 578 3536; x_wconf 90' lang='lat' dir='ltr'>Marcum</span> <span class='ocrx_word' id='word_1_226' title='bbox 604 3473 785 3536; x_wconf 87' lang='lat' dir='ltr'>carnificem</span> <span class='ocrx_word' id='word_1_227' title='bbox 811 3493 828 3534; x_wconf 90' lang='lat' dir='ltr'>a</span> <span class='ocrx_word' id='word_1_228' title='bbox 853 3473 987 3555; x_wconf 86' lang='lat' dir='ltr'>provida</span> <span class='ocrx_word' id='word_1_229' title='bbox 1021 3473 1156 3534; x_wconf 90' lang='lat' dir='ltr'>muliere</span> <span class='ocrx_word' id='word_1_230' title='bbox 1182 3472 1268 3533; x_wconf 88' lang='lat' dir='ltr'>Affra</span> <span class='ocrx_word' id='word_1_231' title='bbox 1294 3485 1441 3533; x_wconf 89' lang='lat' dir='ltr'>consorte</span> <span class='ocrx_word' id='word_1_232' title='bbox 1466 3490 1523 3532; x_wconf 87' lang='lat' dir='ltr'>sua</span> 
     </span>
     <span class='ocr_line' id='line_1_29' title="bbox 262 3575 1525 3663; baseline -0.004 -20"><span class='ocrx_word' id='word_1_233' title='bbox 262 3582 419 3663; x_wconf 87' lang='lat' dir='ltr'>legittima</span> <span class='ocrx_word' id='word_1_234' title='bbox 443 3581 620 3662; x_wconf 80' lang='lat' dir='ltr'>legacionis</span> <span class='ocrx_word' id='word_1_235' title='bbox 644 3581 739 3643; x_wconf 92' lang='lat' dir='ltr'>titulo</span> <span class='ocrx_word' id='word_1_236' title='bbox 767 3579 941 3642; x_wconf 91' lang='lat' dir='ltr'>literatorie</span> <span class='ocrx_word' id='word_1_237' title='bbox 976 3593 1235 3657; x_wconf 90' lang='lat' dir='ltr'>concernentem,</span> <span class='ocrx_word' id='word_1_238' title='bbox 1259 3575 1383 3661; x_wconf 85' lang='lat' dir='ltr'>prelato</span> <span class='ocrx_word' id='word_1_239' title='bbox 1409 3577 1525 3639; x_wconf 90' lang='lat' dir='ltr'>Valen-</span> 
     </span>
     <span class='ocr_line' id='line_1_30' title="bbox 261 3685 1524 3769; baseline -0.003 -20"><span class='ocrx_word' id='word_1_240' title='bbox 261 3689 329 3750; x_wconf 91' lang='lat' dir='ltr'>tino</span> <span class='ocrx_word' id='word_1_241' title='bbox 353 3687 452 3769; x_wconf 85' lang='lat' dir='ltr'>judici</span> <span class='ocrx_word' id='word_1_242' title='bbox 477 3702 508 3749; x_wconf 90' lang='lat' dir='ltr'>et</span> <span class='ocrx_word' id='word_1_243' title='bbox 531 3689 595 3750; x_wconf 88' lang='lat' dir='ltr'>suis</span> <span class='ocrx_word' id='word_1_244' title='bbox 620 3687 792 3749; x_wconf 89' lang='lat' dir='ltr'>heredibus</span> <span class='ocrx_word' id='word_1_245' title='bbox 817 3706 875 3768; x_wconf 92' lang='lat' dir='ltr'>pro</span> <span class='ocrx_word' id='word_1_246' title='bbox 905 3700 1027 3768; x_wconf 84' lang='lat' dir='ltr'>septem</span> <span class='ocrx_word' id='word_1_247' title='bbox 1061 3686 1168 3767; x_wconf 88' lang='lat' dir='ltr'>pensis</span> <span class='ocrx_word' id='word_1_248' title='bbox 1192 3685 1400 3747; x_wconf 87' lang='lat' dir='ltr'>denariorum</span> <span class='ocrx_word' id='word_1_249' title='bbox 1424 3685 1524 3746; x_wconf 88' lang='lat' dir='ltr'>wien·</span> 
     </span>
     <span class='ocr_line' id='line_1_31' title="bbox 262 3790 1524 3876; baseline -0.003 -20"><span class='ocrx_word' id='word_1_250' title='bbox 262 3794 411 3857; x_wconf 86' lang='lat' dir='ltr'>nensium</span> <span class='ocrx_word' id='word_1_251' title='bbox 428 3793 624 3856; x_wconf 90' lang='lat' dir='ltr'>vendidisset</span> <span class='ocrx_word' id='word_1_252' title='bbox 640 3793 708 3875; x_wconf 90' lang='lat' dir='ltr'>jure</span> <span class='ocrx_word' id='word_1_253' title='bbox 725 3806 882 3876; x_wconf 90' lang='lat' dir='ltr'>perpetuo</span> <span class='ocrx_word' id='word_1_254' title='bbox 900 3805 931 3854; x_wconf 93' lang='lat' dir='ltr'>et</span> <span class='ocrx_word' id='word_1_255' title='bbox 947 3791 1199 3854; x_wconf 87' lang='lat' dir='ltr'>irrevocabiliter</span> <span class='ocrx_word' id='word_1_256' title='bbox 1216 3790 1445 3873; x_wconf 88' lang='lat' dir='ltr'>possidendam</span> <span class='ocrx_word' id='word_1_257' title='bbox 1466 3803 1524 3853; x_wconf 91' lang='lat' dir='ltr'>etc.</span> 
     </span>
    </p>
   </div>
   <div class='ocr_carea' id='block_1_4' title="bbox 0 0 1948 5798">
    <p class='ocr_par' dir='ltr' id='par_1_6' title="bbox 0 0 1948 5798">
     <span class='ocr_line' id='line_1_32' title="bbox 0 0 1948 5798; baseline 0 0"><span class='ocrx_word' id='word_1_258' title='bbox 0 0 1948 5798; x_wconf 95' lang='lat' dir='ltr'> </span> 
     </span>
    </p>
   </div>
  </div>
 </body>
</html>
