3832 5804
734 1661 863 1764 (Auno
889 1661 1046 1752 Domini
1072 1661 1381 1761 nectuntur.)

422 2020 512 2097 Item
524 2021 557 2096 in
569 2019 814 2096 annoDornini
825 2021 1012 2096 millesimo
1023 2019 1682 2122 quadringentesimoquinquagesimo

423 2153 565 2239 octavo,
603 2152 768 2244 tempore
793 2143 972 2242 judicatus
1011 2146 1112 2245 primi
1150 2139 1322 2220 Anthonii
1354 2143 1483 2241 judicis
1522 2146 1682 2221 moderni

422 2269 578 2346 civitatis
607 2263 811 2369 prenotate,
839 2267 898 2344 lilii
917 2268 1067 2360 Thome‚
1087 2291 1237 2370 presens
1257 2267 1445 2344 laternum
1474 2269 1683 2345 estfactum

422 2393 513 2468 feria
540 2393 655 2468 tercia
678 2394 842 2493 proxima
861 2400 946 2468 ante
965 2392 1098 2468 festum
1117 2391 1385 2468 Purificacionis
1405 2393 1513 2468 beate
1542 2416 1685 2494 semper

422 2517 569 2616 virginis
600 2515 723 2611 Maria,
751 2539 842 2592 nunc
870 2516 1032 2617 proxime
1051 2514 1254 2604 affuturum,
1284 2539 1392 2616 super
1420 2517 1683 2616 registracio'ne

423 2647 459 2716 et
480 2641 763 2740 consignacione
783 2641 965 2716 literarum
989 2640 1262 2739 privilegialium
1291 2641 1417 2715 civium
1446 2649 1484 2716 et
1510 2641 1681 2716 inhabita·

474 2773 594 2840 torum
622 2766 778 2842 civitatis
799 2772 1001 2866 prenotate,
1031 2763 1139 2840 modo
1169 2771 1208 2839 et
1227 2765 1353 2840 ordine
1377 2763 1628 2864 infrascriptis,

941 3032 1005 3108 (31.
1021 3029 1189 3108 Jimuariil.

529 3171 606 3233 ltem
632 3170 723 3232 fundi
749 3171 860 3233 civiles
884 3191 957 3232 cum
981 3170 1134 3232 domibus
1158 3171 1189 3232 in
1208 3171 1253 3232 eis
1277 3170 1528 3253 superedificatis
1552 3172 1584 3233 in
1613 3173 1685 3233 sub-

424 3279 517 3340 urbio
543 3278 679 3340 civitatis
702 3278 843 3360 predicte
867 3297 965 3360 penes
989 3277 1123 3339 fluvium
1153 3277 1303 3338 metalem
1329 3277 1515 3359 incipiendo
1538 3299 1556 3340 a
1581 3276 1684 3340 lundo

424 3399 455 3446 et
487 3384 586 3446 domo
619 3385 705 3446 Luce
736 3384 902 3466 Arlaudyn
937 3383 1012 3445 dicti
1045 3395 1076 3445 et
1108 3403 1209 3464 usque
1240 3381 1376 3444 fundum
1409 3383 1583 3445 liberorum
1609 3403 1683 3445 cou-

423 3491 497 3552 darn
530 3489 663 3572 Georgii
696 3489 963 3552 molendinatoris
996 3489 1095 3550 habiti
1128 3503 1158 3550 et
1191 3489 1378 3567 existentes,
1411 3509 1492 3571 quos
1525 3490 1686 3552 Seboldus

388 3631 390 3636 v
425 3598 534 3682 Mayar
558 3617 575 3657 a
600 3596 836 3677 possessoribus
863 3595 1028 3678 legittimis
1057 3595 1246 3658 eorumdem
1263 3594 1437 3657 fundorum
1455 3609 1486 3658 et
1510 3597 1682 3660 domorum

423 3703 646 3784 potencialiter
671 3716 882 3785 occupaverat
913 3701 1055 3763 indebite
1089 3715 1120 3763 et
1151 3701 1258 3762 minus
1290 3700 1381 3782 juste,
1412 3716 1509 3784 prout
1541 3703 1682 3785 ipsorum

423 3828 642 3890 possessorum
667 3808 856 3870 eorumdem
881 3805 1055 3869 fundorum
1082 3821 1112 3868 et
1136 3807 1307 3870 domorum
1332 3808 1432 3889 aliqui
1465 3809 1549 3891 ipsas
1573 3823 1684 3892 poten-

425 3916 536 3977 ciarias
559 3915 795 3998 occupaciones
819 3915 919 3997 ipsius
936 3913 1069 3976 Seboldi
1086 3913 1273 3994 juramentis
1291 3933 1403 3976 eorum
1424 3934 1481 3997 per
1505 3935 1560 3978 eos
1584 3916 1615 3978 in
1634 3936 1685 3978 ara

424 4037 531 4084 sancte
556 4021 669 4083 Crucis
693 4021 723 4082 in
751 4021 883 4082 ecclesia
908 4035 1016 4082 nostra
1040 4020 1216 4102 parochiali
1242 4022 1325 4082 beati
1344 4021 1442 4082 Marci
1466 4023 1684 4104 ewangeliste,

424 4128 564 4211 prefatis,
589 4128 689 4209 aliqui
714 4141 821 4189 autern
846 4147 918 4189 cunr
943 4127 1107 4208 fidedigno
1142 4141 1172 4188 et
1194 4125 1365 4190 sufficienti
1390 4128 1576 4190 testimonio
1601 4129 1685 4190 mul·

424 4247 529 4296 torum
549 4236 724 4316 proborum
750 4247 780 4294 et
803 4233 1005 4315 ydoneorurn
1030 4235 1172 4294 virorum
1190 4233 1419 4296 confirmarunt
1443 4249 1474 4296 et
1491 4239 1683 4317 comproba-

424 4353 508 4418 runt,
533 4339 654 4400 eisdem
679 4341 915 4422 possessoribus
940 4341 1080 4422 ipsorum
1107 4339 1280 4402 fundorum
1298 4354 1329 4401 et
1353 4340 1523 4402 domorum
1549 4341 1686 4424 cointe,

425 4465 489 4527 quo
513 4446 646 4506 eosdem
671 4445 788 4508 fundos
813 4461 843 4508 et
868 4447 983 4508 domos
1014 4447 1101 4529 ptius
1126 4446 1282 4527 legittime
1315 4446 1526 4529 possederunt
1549 4449 1687 4510 auctori·

424 4565 486 4614 tate
512 4552 676 4613 literarum
701 4553 858 4635 regalium
883 4554 1077 4615 serenissimi
1111 4553 1264 4636 principis
1289 4552 1412 4614 domini
1439 4553 1579 4616 Ladislai
1605 4555 1687 4635 regis

426 4659 590 4740 Hungarie
615 4673 689 4722 sunt
713 4660 886 4741 adjudicati
911 4675 1067 4742 perpetuo
1097 4659 1283 4741 possidendi
1315 4673 1346 4721 et
1368 4659 1540 4742 superinde
1565 4661 1685 4722 eisdem

424 4767 662 4847 possessoribus
686 4768 830 4850 ipsorum
863 4766 1038 4828 fundorum
1071 4781 1102 4827 et
1134 4767 1306 4828 domorum
1332 4781 1405 4828 sunt
1435 4765 1526 4828 litere
1551 4767 1687 4829 civitatis

425 4872 642 4954 privilegiales
666 4875 724 4936 sub
749 4874 903 4956 pendenti
928 4873 1035 4953 sigillo
1057 4873 1297 4934 communitatis
1321 4885 1477 4934 emanate.

532 4978 608 5041 ltem
634 4981 730 5042 altare
763 4981 863 5043 sancti
889 4979 1015 5040 Nicolai
1045 4979 1186 5060 episcopi
1219 4991 1250 5040 et
1273 4976 1464 5040 confessoris
1494 4977 1527 5038 in
1551 4977 1684 5039 ecclesia

425 5099 531 5148 nostra
556 5087 728 5171 parochiali
755 5087 838 5149 beati
865 5086 963 5148 Marci
988 5085 1192 5166 ewangeliste
1218 5086 1299 5148 inter
1323 5085 1421 5148 altare
1445 5085 1529 5147 beati
1553 5083 1682 5147 Thome
