3816 5802
792 541 996 622 Ann01448.
1472 563 1511 626 93

239 769 270 818 et
293 755 358 817 suis
381 753 553 818 heredibus
569 769 615 816 est
640 753 813 818 literatorie
830 757 1022 838 reintegrata
1039 775 1075 818 ac
1093 769 1208 818 statuta
1233 770 1390 839 perpetuo
1407 758 1507 840 possi·

240 859 345 922 denda
376 875 407 923 et
437 861 611 944 superinde
643 875 689 922 est
723 861 815 923 litera
846 863 906 923 sub
937 861 1090 944 pendenti
1124 862 1232 942 sigillo
1264 863 1508 930 communitatis

241 982 398 1030 emanata.

348 1075 424 1136 ltem
451 1074 569 1136 Paulus
593 1072 679 1136 filius
696 1074 779 1136 Petri
806 1073 952 1155 Hungari
977 1089 1008 1135 et
1025 1074 1214 1136 Valentinus
1239 1073 1334 1138 frater
1358 1075 1503 1138 eiusdem

240 1179 343 1259 Pauli,
374 1180 536 1262 quandam
570 1180 699 1242 vineam
732 1199 844 1242 eorum
881 1180 912 1242 in
945 1180 1106 1242 territorio
1139 1195 1247 1242 nostro
1272 1181 1354 1244 inter
1379 1181 1506 1244 vineam

240 1285 373 1348 domine
398 1286 572 1350 Scolastice
597 1286 706 1348 relicte
723 1285 860 1348 condam
887 1285 1035 1368 Gregorii
1066 1285 1158 1368 jurati
1187 1306 1271 1349 nunc
1295 1300 1402 1349 autern
1427 1307 1503 1350 con·

239 1393 332 1454 sortis
349 1393 477 1456 Andree
500 1391 616 1474 judicis
640 1392 738 1454 nostri
756 1392 915 1470 moderni,
938 1405 969 1454 et
993 1393 1074 1456 inter
1097 1393 1224 1456 vineam
1251 1391 1335 1456 Galli
1360 1393 1499 1475 agricole

240 1497 296 1560 filii
322 1498 425 1576 Pauli,
449 1498 586 1581 desuper
609 1519 627 1560 a
651 1498 702 1560 via
726 1498 892 1560 communi
925 1500 965 1560 ab
990 1499 1113 1560 oriente
1145 1499 1214 1577 sita,
1240 1511 1270 1560 et
1295 1497 1375 1560 inlra
1401 1517 1502 1580 usque

242 1605 447 1667 medietatem
480 1605 574 1667 vallis
605 1624 661 1666 seu
693 1625 796 1687 usque
828 1605 998 1667 decursum
1032 1624 1115 1686 aque
1147 1604 1298 1687 pluvialis
1330 1605 1360 1665 in
1394 1603 1506 1666 eadem

243 1713 413 1775 medietate
438 1713 531 1775 vallis
563 1713 783 1774 decurrentem
817 1731 873 1774 seu
898 1712 1066 1773 decurrere
1098 1711 1228 1774 solitum
1253 1732 1270 1773 a
1295 1726 1383 1794 parte
1420 1711 1503 1773 occi·

241 1819 345 1881 dentis
369 1818 514 1881 habitum
539 1837 572 1880 se
597 1817 834 1898 extendentem,
852 1818 1001 1880 Emerico
1024 1817 1164 1898 agricole
1181 1815 1250 1878 filio
1274 1817 1400 1879 Nicolai
1426 1816 1507 1879 fabri

241 1945 299 2008 pro
324 1944 442 1987 novem
468 1923 538 1987 flor.
563 1925 631 1986 auri
656 1923 873 1986 vendiderunt
904 1938 1061 2007 perpetuo
1086 1923 1314 2006 possidendam
1340 1938 1371 1984 et
1396 1943 1506 2006 super·

242 2032 317 2093 inde
342 2047 389 2094 est
411 2032 502 2094 litera
527 2032 587 2093 sub
611 2031 765 2114 pendenti
789 2030 898 2112 sigillo
922 2030 1163 2092 communitatis
1188 2043 1346 2091 emanata.

348 2137 426 2200 Item
461 2137 654 2200 Dominicus
689 2137 805 2200 Costes
830 2135 914 2198 lilius
947 2135 1030 2198 Petri
1065 2136 1140 2198 dicti
1173 2134 1366 2220 Zternysche
1391 2134 1510 2197 medie-

241 2257 338 2306 tatem
364 2243 531 2306 cuiusdam
556 2243 673 2305 domus
696 2263 752 2304 sue
777 2257 808 2304 et
832 2241 923 2304 fundi
950 2263 984 2303 ac
1005 2240 1228 2303 hedificiorum
1254 2240 1386 2323 Georgii
1412 2239 1505 2322 iurati

239 2351 336 2412 nostri
362 2351 510 2412 moderni
546 2347 604 2411 filii
631 2349 865 2433 Matheykonis,
900 2361 930 2408 et
956 2347 1053 2408 Marci
1087 2345 1230 2426 filii‘sui,
1256 2349 1295 2408 ab
1320 2367 1383 2408 una
1408 2360 1508 2430 parte,

238 2459 277 2518 ab
302 2457 400 2518 altera
425 2476 502 2519 vero
526 2469 614 2538 parte
640 2455 812 2536 Augustini
831 2453 987 2516 carnificis
1009 2453 1085 2516 dicti
1104 2437 1214 2516 Kusne
1238 2453 1355 2532 habite,
1380 2467 1503 2536 aparte

239 2564 379 2646 predicte
404 2565 521 2625 domus
545 2576 576 2625 et
600 2561 691 2624 fundi
716 2581 752 2624 ac
776 2561 999 2624 hedificiorum
1030 2562 1128 2644 ipsius
1153 2560 1324 2642 Augustini
1349 2557 1506 2622 carnificis

240 2671 344 2749 sitam,
369 2690 467 2732 unam
492 2683 638 2752 quartam
664 2669 751 2730 curie
776 2668 807 2728 in
831 2687 865 2728 se
894 2668 1124 2746 continentem,
1158 2667 1286 2751 Mathye
1310 2666 1410 2728 sutori
1435 2663 1502 2727 lilio

243 2777 410 2839 Michaelis
434 2795 493 2859 pro
517 2789 639 2859 reptem
665 2773 734 2837 flor.
752 2774 822 2836 auri
847 2794 884 2836 ex
910 2793 1067 2835 consensu
1084 2773 1264 2835 vicinorum
1290 2772 1508 2854 predictorum

240 2883 387 2945 vendidit
409 2897 566 2967 perpetuo
592 2881 820 2964 possidendam
838 2895 868 2942 et
892 2881 1065 2964 superinde
1083 2893 1129 2942 est
1153 2879 1243 2941 litera
1268 2879 1327 2940 sub
1352 2879 1506 2961 pendenti

239 2989 348 3070 sigillo
372 2989 614 3054 communitatis
639 3002 797 3050 emanata.

347 3094 423 3157 ltem
450 3095 643 3157 Benedictus
674 3107 775 3154 sartor
809 3093 893 3154 filius
919 3091 1096 3172 Michaelis,
1130 3093 1255 3174 pridem
1281 3091 1375 3170 judex
1401 3091 1508 3153 conci·

239 3202 352 3284 visque
377 3215 496 3281 noster,
522 3202 552 3262 in
578 3221 634 3263 sua
660 3220 719 3263 nec
751 3219 815 3261 non
843 3199 933 3260 Pauli
966 3214 997 3261 et
1021 3200 1187 3262 Benedicti
1219 3198 1361 3261 filiorum
1386 3218 1421 3260 ac
1447 3198 1503 3259 Vr-

240 3309 307 3369 sule
332 3323 362 3369 et
387 3307 579 3390 Magdalene
604 3306 742 3370 filiarum
769 3325 898 3368 suarum
932 3307 1087 3387 personis,
1112 3325 1209 3368 omne
1233 3325 1316 3368 onus
1341 3319 1371 3367 et
1393 3325 1506 3386 grava·

241 3434 314 3476 men
341 3415 530 3476 eorumdem
563 3412 704 3476 liliorum
741 3426 772 3475 et
804 3411 943 3474 filiarum
975 3431 1104 3473 suarum
1131 3413 1163 3472 in
1197 3413 1359 3493 seipsum
1392 3423 1505 3493 sponte

239 3539 295 3603 per
311 3521 422 3582 omnia
438 3521 643 3599 assumendo,
663 3520 867 3583 medietatem
886 3519 1051 3580 cuiusdam
1068 3519 1175 3600 (h)orti
1195 3519 1227 3581 in
1251 3519 1411 3580 territorio
1428 3519 1505 3580 civi·

239 3627 312 3688 tatis
337 3647 374 3687 ex
398 3627 548 3710 opposito
569 3627 690 3688 scilicet
707 3625 839 3688 ecclesie
857 3639 964 3686 nostre
982 3625 1174 3707 parochialis
1192 3626 1284 3686 beate
1302 3623 1503 3706 Margarethe

238 3732 382 3813 virginis,
408 3733 490 3794 inter
513 3731 651 3815 (h)ortos
675 3732 813 3794 Emerici
838 3732 965 3810 sutoris,
990 3731 1094 3812 jurati,
1119 3745 1150 3792 et
1175 3729 1309 3812 Georgii
1334 3729 1390 3792 filii
1420 3731 1503 3792 Petri

239 3838 424 3922 Wllranych
448 3837 559 3917 habiti,
592 3859 608 3900 a
642 3853 729 3922 parte
763 3839 862 3921 ipsius
891 3837 999 3919 (h)orti
1032 3837 1108 3899 dicti
1141 3838 1272 3918 Georgii
1298 3838 1403 3915 sitam,
1428 3857 1501 3898 curn

238 3947 303 4007 suis
334 3945 539 4028 pertinenciis
570 3946 745 4008 Benedicto
777 3943 867 4007 fabro
899 3943 967 4006 filio
1000 3944 1131 4025 Georgii
1163 3945 1345 4026 Jacowlych
1383 3963 1418 4006 ac
1444 3963 1500 4026 per

239 4073 312 4116 eum
337 4055 402 4115 suis
427 4052 599 4114 heredibus
623 4071 681 4135 pro
704 4065 826 4134 septem
858 4050 927 4115 flor.
952 4051 1021 4112 auri
1053 4050 1197 4112 vendidit
1222 4064 1376 4132 perpetuo
1401 4049 1501 4132 possi-

242 4160 382 4222 dendam
408 4173 439 4223 et
463 4158 635 4242 superinde
661 4171 707 4220 est
737 4158 828 4220 litera
860 4159 919 4219 sub
944 4157 1097 4240 pendenti
1129 4157 1237 4239 sigillo
1262 4157 1503 4218 communitatis

239 4279 397 4328 emanata.

344 4371 422 4434 ltem
448 4371 643 4432 Laurencius
668 4369 895 4456 Syhenburgar
919 4368 1079 4432 aurilaber
1104 4369 1300 4431 monetarius
1323 4367 1408 4430 filius
1425 4388 1500 4430 con·

238 4479 310 4540 dam
337 4477 493 4540 Johannis
517 4477 556 4538 de
582 4477 718 4538 Pulchro
736 4497 850 4559 carnpo
875 4477 1035 4538 districtus
1053 4475 1092 4537 de
1110 4477 1240 4558 Septem
1258 4475 1377 4552 castris,
1397 4493 1501 4556 quan·

239 4585 311 4646 dam
338 4584 472 4646 domum
497 4603 588 4646 suam
613 4584 709 4646 simul
727 4603 800 4645 curn
818 4582 919 4645 fundo
937 4596 968 4645 et
985 4583 1102 4644 celario
1119 4585 1327 4644 subterraneo
1351 4601 1387 4642 ac
1412 4581 1501 4642 hedi·

238 4689 317 4752 ficiis
342 4690 448 4752 eidem
465 4693 523 4753 sub
549 4705 579 4752 et
596 4689 924 4773 superadjecentibus‚
942 4691 1024 4751 inter
1041 4689 1155 4751 domos
1179 4703 1210 4749 et
1227 4686 1344 4749 fundos
1362 4687 1499 4748 condam

240 4797 338 4859 Marci
362 4797 402 4859 de
427 4797 548 4860 Charra
564 4817 600 4859 ac
625 4797 707 4859 Petri
732 4797 849 4859 sutoris
866 4796 1007 4858 habitam
1032 4810 1063 4859 et
1086 4795 1286 4873 existentem,
1310 4813 1407 4855 unam
1425 4813 1497 4855 cum

240 4903 346 4964 media
364 4903 484 4965 curiam
502 4905 542 4965 ad
568 4923 659 4965 usum
678 4904 814 4965 civitatis
831 4902 951 4986 prefate
977 4905 1058 4965 inse
1083 4902 1313 4980 continentem,
1337 4919 1408 4962 cum
1428 4919 1497 4961 om·

240 5011 334 5072 nibus
355 5011 420 5072 auis
444 5011 634 5074 utilitatibus
669 5024 700 5073 et
733 5011 939 5096 pertinenciis
973 5009 1129 5072 universis
1160 5008 1311 5092 Philippo
1336 5005 1501 5070 aurifabro
