3854 5798
312 733 440 794 vineam
467 733 608 814 ipsorum
635 733 717 793 circa
738 733 848 792 vineas
864 731 1007 792 eiusdem
1028 732 1192 794 Benedicti
1210 734 1326 794 sutoris
1344 733 1449 794 eidem
1476 735 1576 796 Bene·

312 840 398 901 dicto
422 839 521 901 sutori
547 853 578 900 et
609 839 674 900 suis
709 839 882 900 heredibus
919 839 993 901 dare
1019 855 1049 900 et
1081 841 1212 921 prelere
1244 843 1438 902 tenebuntur
1464 841 1576 902 harum

312 959 493 1008 nostrarum
517 945 624 1028 sigillo
649 959 756 1006 nostre
780 945 1022 1007 communitatis
1046 947 1316 1027 consignaturum.
1551 1011 1552 1016 ,

417 1052 515 1126 Quod
530 1053 604 1134 quia
615 1053 662 1112 vir
675 1051 829 1134 providus
839 1065 870 1113 et
883 1051 1035 1113 honestus
1049 1053 1160 1114 Petrus
1175 1051 1314 1113 carnifex
1328 1051 1412 1115 filius
1423 1051 1578 1116 lohannis

312 1159 351 1221 de
376 1158 572 1241 Zobochyna
598 1177 705 1220 coram
732 1158 825 1219 nobis
846 1157 1065 1240 comparendo
1090 1157 1254 1220 confessus
1272 1174 1318 1220 est
1342 1160 1373 1220 in
1399 1159 1483 1222 hunc
1508 1181 1576 1222 mo-

311 1266 400 1344 dum,
425 1280 460 1328 ut
483 1266 550 1348 ipse
583 1279 728 1346 quartam
764 1278 886 1346 partem
920 1264 1087 1325 cuiusdam
1120 1265 1237 1326 domus
1269 1280 1404 1344 mutate,
1430 1286 1576 1328 necnon

312 1371 403 1434 tundi
429 1387 459 1433 et
483 1369 705 1433 hedificiorum
724 1371 755 1431 in
782 1370 866 1432 dicta
884 1371 1011 1432 civitate
1032 1384 1062 1432 et
1085 1371 1117 1432 in
1136 1371 1206 1432 vico
1224 1371 1419 1452 carnificum,
1444 1394 1479 1436 ac
1497 1375 1578 1436 inter

312 1479 445 1540 domum
470 1478 619 1540 similiter
643 1491 812 1556 muratam,
837 1497 872 1538 ac
906 1476 1042 1538 fundum
1077 1491 1108 1539 et
1132 1477 1280 1540 hedificia
1313 1480 1371 1540 viri
1397 1481 1522 1562 providi
1547 1495 1579 1543 et
1643 1535 1647 1543 .

313 1585 438 1647 honesti
473 1584 639 1646 Michaelis
672 1584 826 1646 institoris
859 1583 1096 1646 Motanhawser
1128 1585 1270 1647 concivis
1301 1589 1411 1667 nostri,
1440 1609 1457 1650 a
1483 1590 1577 1651 meri·

312 1692 420 1770 dione,
444 1706 474 1752 et
498 1692 580 1752 inter
604 1690 751 1752 semitam
777 1710 983 1752 communem
1002 1711 1019 1752 a
1040 1705 1128 1773 parte
1145 1693 1410 1774 septemtrionali,
1435 1715 1574 1756 necnon

311 1821 328 1862 a
353 1799 458 1881 platea
482 1818 545 1860 una
569 1820 624 1860 seu
657 1799 708 1860 via
739 1797 903 1860 communi
928 1817 1042 1879 magna
1070 1800 1109 1860 ab
1141 1800 1264 1862 oriente
1290 1801 1396 1862 habita
1421 1815 1452 1864 et
1476 1821 1575 1884 usque

311 1906 352 1968 ad
376 1907 472 1968 aliam
499 1907 638 1988 plateam
663 1924 719 1966 seu
743 1905 828 1966 viam
854 1923 1061 1966 communem
1085 1907 1125 1966 ab
1156 1905 1333 1986 occidente,
1358 1927 1454 1969 unam
1479 1928 1572 1990 quar-

311 2027 375 2074 tam
401 2013 487 2074 curie
511 2013 551 2072 ad
577 2031 669 2073 usum
695 2011 831 2073 civitatis
855 2007 976 2093 prefate
1006 2011 1037 2072 in
1062 2032 1094 2072 se
1128 2013 1359 2093 continentem,
1384 2015 1522 2095 provide
1548 2031 1578 2077 et

313 2119 445 2181 honeste
470 2119 615 2180 mulieris
640 2117 813 2179 Katherine
838 2109 949 2178 vocate
974 2119 1129 2179 consortis
1168 2120 1256 2182 Luce
1288 2121 1404 2182 sutoris
1427 2120 1484 2182 filii
1511 2121 1578 2184 Ste·

310 2225 408 2308 phani
441 2225 481 2286 de
519 2225 645 2286 Raccha
682 2223 747 2285 filie
783 2223 921 2284 condam
959 2223 1079 2286 Mathie
1116 2223 1285 2308 freniparis
1319 2226 1398 2288 olim
1440 2228 1581 2289 concivis

312 2332 423 2412 nostri,
450 2331 510 2414 ipsi
546 2330 696 2393 videlicet
720 2331 815 2392 Petro
832 2329 971 2392 carnifici
988 2350 1046 2413 pro
1063 2331 1179 2393 debitis
1202 2332 1356 2412 eiusdem,
1374 2335 1492 2414 quibus
1510 2335 1577 2417 ipse

312 2440 414 2501 Lucas
438 2453 526 2500 sutor
547 2437 654 2498 eidem
680 2437 894 2519 obligabatur,
928 2456 1000 2498 cum
1033 2437 1175 2519 predicta
1209 2453 1355 2502 consorte
1384 2460 1439 2500 sua
1464 2440 1574 2502 vendi-

313 2546 398 2608 cioni
424 2563 583 2627 exponere
608 2557 758 2606 statutam
784 2563 840 2625 per
864 2563 922 2605 nos
938 2543 1143 2626 judicialiter,
1160 2545 1235 2625 quia
1254 2546 1462 2627 prescriptam
1481 2566 1588 2628 quar-1

311 2666 375 2714 tam
408 2665 530 2734 partem
564 2650 647 2712 dicte
680 2649 796 2712 domus
829 2663 952 2712 murate
984 2663 1156 2713 annotatus
1189 2651 1291 2712 Lucas
1323 2665 1412 2714 sutor
1437 2673 1578 2715 unacum

311 2755 432 2840 prelata
457 2756 635 2818 Katherine
659 2759 807 2818 consorte
832 2777 899 2836 sua,
925 2756 980 2818 sed
1013 2776 1071 2818 nec
1097 2757 1279 2840 Stephanus
1309 2755 1406 2821 frater
1429 2759 1576 2822 eiusdem

311 2864 447 2926 carnalis
472 2884 527 2947 per
551 2883 610 2925 nos
633 2863 790 2945 legittime
815 2864 983 2925 ammoniti
1009 2865 1049 2925 ab
1076 2865 1191 2926 eodem
1217 2865 1311 2928 Petro
1335 2866 1493 2928 redimere
1518 2888 1576 2930 no·

311 2971 439 3050 luerint,
465 2970 520 3032 sed
546 2970 673 3052 penitus
697 2971 758 3052 ipsi
783 2970 878 3032 Petro
900 2971 1040 3033 vendere
1064 2984 1257 3050 annuerunt,
1275 2972 1349 3034 ideo
1375 2973 1440 3055 ipse
1467 2974 1578 3036 Petrus

312 3078 448 3141 eandem
474 3091 620 3160 quartam
654 3091 778 3160 partem
811 3077 955 3139 eiusdem
989 3079 1107 3140 domus
1138 3093 1261 3141 mutate
1295 3099 1366 3140 cum
1392 3080 1457 3141 suis
1481 3083 1578 3163 perti-

311 3187 432 3247 nenciis
456 3204 553 3247 unam
579 3198 724 3266 quartam
743 3184 830 3246 curie
855 3185 886 3245 in
912 3204 945 3245 se
962 3184 1192 3262 continentem,
1217 3185 1286 3248 viro
1311 3187 1448 3268 provido
1474 3201 1504 3250 et
1521 3188 1577 3250 ho·

312 3307 402 3354 nesto
434 3292 555 3353 Jacobo
587 3291 727 3372 agricole
761 3290 967 3352 inhabitatori
1001 3290 1084 3352 dicte
1124 3292 1260 3354 civitatis
1296 3291 1364 3354 filio
1397 3293 1578 3355 Clementis

312 3398 563 3482 Kouthygarych
590 3411 624 3460 ut
647 3397 710 3480 jam
736 3417 821 3459 novo
844 3398 969 3459 concivi
994 3411 1104 3460 nostro
1129 3419 1164 3459 ac
1183 3419 1238 3480 per
1263 3419 1336 3461 eum
1362 3401 1462 3483 ipsius
1486 3401 1575 3464 here·

312 3507 407 3568 dibus
430 3525 487 3588 pro
511 3505 613 3566 tribus
637 3504 706 3567 flor.
731 3505 800 3566 auri
826 3525 881 3586 per
906 3503 1045 3566 eundem
1071 3505 1226 3566 lacobum
1257 3506 1363 3568 eidem
1390 3508 1483 3568 Petro
1509 3527 1574 3569 car·

312 3612 397 3675 nilici
422 3611 593 3694 persolutis
617 3611 814 3673 vendidisset
838 3625 896 3673 etc.
922 3611 990 3692 jure
1014 3624 1170 3693 perpetuo
1196 3627 1227 3673 et
1251 3612 1503 3676 irrevocabiliter
1526 3629 1570 3676 te·

313 3719 452 3782 nendam
478 3734 508 3781 et
532 3719 842 3801 quomodocumque
871 3717 957 3799 juxta
991 3718 1217 3781 condicionem
1251 3720 1388 3782 civitatis
1411 3734 1580 3804 prenotate

313 3825 559 3909 disponendam.

419 3930 517 4006 Quod
542 3931 617 4014 quia
634 3931 773 4013 quedam
798 3932 909 4014 porcio
926 3931 1035 3994 totalis
1064 3931 1180 3993 domus
1198 3947 1322 3995 murate
1346 3947 1376 3996 et
1400 3934 1579 3996 stacionum

312 4039 459 4101 similiter
483 4053 679 4100 muratarum
705 4052 736 4100 et
769 4039 876 4099 celarii
912 4038 1060 4100 similiter
1093 4039 1221 4117 murati,
1254 4059 1290 4101 ac
1314 4041 1421 4102 totalis
1445 4041 1579 4102 cisterne

312 4165 414 4228 prope
438 4165 540 4228 penus
564 4145 709 4206 eiusdem
734 4145 841 4206 celarii
866 4144 984 4226 habite,
1011 4145 1091 4205 inter
1116 4145 1232 4206 domos
1255 4145 1402 4207 similiter
1428 4161 1579 4226 muratas,

312 4253 351 4312 ab
377 4271 439 4313 una
464 4265 551 4332 parte
577 4251 742 4313 Valentini
774 4252 908 4313 senioris
940 4250 1056 4332 judicis
1080 4265 1111 4313 et
1135 4252 1276 4313 concivis
1309 4253 1409 4313 nostri
1434 4251 1491 4314 filii
1518 4254 1576 4314 Mi-

313 4358 442 4438 chaelis,
465 4359 505 4419 ab
530 4358 722 4420 occidentali
747 4372 846 4441 parte,
880 4373 910 4420 et
936 4359 1017 4420 inter
1049 4359 1182 4420 domum
1216 4359 1357 4441 ligneam
1384 4374 1414 4420 et
1437 4357 1575 4421 fundum

312 4463 487 4527 Katherine
512 4464 576 4527 filie
601 4465 739 4527 condam
766 4465 886 4527 Mathie
919 4467 1058 4544 sartoris,
1091 4473 1130 4527 ab
1166 4467 1289 4528 oriente
1315 4467 1439 4527 habitas
1463 4481 1494 4528 et
1517 4467 1580 4527 exi-

312 4583 441 4650 stentes,
467 4572 595 4633 Martini
620 4571 734 4652 judicis
759 4572 894 4633 senioris
918 4573 1017 4634 nostri
1041 4571 1098 4634 filii
1128 4573 1271 4651 Thorne,
1296 4591 1376 4653 quas
1400 4573 1440 4634 ab
1465 4572 1579 4634 eodem

312 4678 452 4741 Martino
485 4679 590 4761 judice
626 4679 765 4740 condam
802 4679 927 4740 Vlricus
959 4699 1066 4741 comes
1101 4679 1192 4748 Cilie¹
1220 4681 1343 4760 absque
1370 4679 1459 4740 omni
1486 4678 1580 4761 culpa

312 4784 410 4866 ipsius
436 4786 564 4847 Martini
589 4785 704 4866 judicis
727 4787 996 4868 potencianaliter
1025 4786 1156 4847 abstulit
1182 4800 1212 4846 et
1238 4787 1365 4847 cuidam
1392 4785 1579 4847 Bernhardo

313 4890 505 4975 Grybynger
529 4893 626 4972 dictu,
652 4893 737 4954 curie
769 4914 826 4955 sue
859 4894 1054 4970 marscallto,
1088 4891 1219 4952 dederat
1252 4913 1309 4973 pro
1334 4893 1479 4953 serviciis
1504 4893 1580 4973 suis,

312 4999 416 5061 eidem
443 4999 582 5061 Martino
606 4999 705 5082 judici
730 5000 797 5083 jure
824 5020 889 5081 quo
915 5000 981 5081 ipse
1006 5019 1058 5059 eas
1083 4998 1169 5080 prius
1193 4998 1277 5078 justo
1303 4999 1402 5060 modo
1428 4999 1580 5080 possedit,
