3832 5804
402 488 464 550 216
931 491 1018 550 Anno
1041 487 1134 570 1463.

400 700 544 763 eiusdem
569 703 662 764 vinee
687 702 774 784 juxta
799 703 1091 785 proclamacionem
1126 717 1266 766 nostram
1304 703 1389 781 juxta
1412 705 1529 764 trinam
1555 701 1658 763 foren-

401 828 468 870 sem
501 810 794 891 proclamacionem
827 811 939 872 eadem
972 811 1063 872 litera
1096 811 1210 873 nullibi
1240 811 1376 872 inveniri
1408 811 1523 893 potuit,
1557 810 1659 872 eidem

401 915 568 977 Anthonio
593 935 667 978 cum
691 917 757 977 suis
779 916 951 979 heredibus
976 918 1143 980 statuimus
1167 931 1197 979 et
1221 915 1481 980 confirmavimus
1505 917 1572 998 jure
1590 936 1658 998 per-

401 1036 500 1104 petuo
525 1021 762 1104 possidendam.
786 1025 864 1100 (sic.)

506 1126 604 1201 Quod
614 1127 689 1208 quia
699 1127 852 1210 providus
864 1128 912 1188 vir
925 1127 1107 1190 Anthonius
1119 1127 1306 1210 Oprasnych
1320 1128 1426 1190 senior
1439 1128 1571 1210 juratus,
1585 1147 1659 1189 con-

401 1233 479 1297 civis
502 1249 619 1312 noster,
643 1234 676 1294 id
701 1253 773 1296 cum
798 1231 971 1296 sufficienti
996 1248 1027 1295 et
1050 1232 1214 1315 fidedigno
1236 1234 1423 1296 testimonio
1448 1233 1505 1295 viri
1532 1234 1656 1315 providi

400 1355 431 1402 et
455 1339 677 1422 circumspecti
701 1339 857 1400 Anthonii
882 1340 995 1421 judicis
1035 1339 1135 1401 nostri
1160 1339 1306 1402 moderni
1332 1340 1537 1421 concivisque
1563 1341 1661 1401 nostri

400 1461 432 1508 et
455 1447 593 1508 aliorum
618 1465 715 1527 quam
740 1445 881 1526 plurium
908 1448 1084 1528 proborum
1118 1446 1260 1507 virorum
1287 1446 1318 1506 in
1350 1446 1426 1508 sede
1451 1460 1557 1507 nostra
1582 1446 1662 1526 judi·

402 1553 498 1614 ciaria
523 1553 745 1634 comprobavit
762 1571 870 1614 coram
889 1553 994 1631 nobis,
1018 1553 1186 1634 quomodo
1203 1553 1372 1633 religiosus
1400 1553 1448 1613 vir
1473 1551 1569 1614 frater
1587 1554 1662 1614 Dio-

402 1659 501 1720 nisius
533 1657 711 1720 monachus
741 1657 826 1719 filius
858 1658 996 1719 condam
1029 1659 1108 1743 Elye
1145 1659 1304 1741 agricole,
1336 1674 1482 1741 tempore
1515 1660 1663 1722 videlicet

400 1766 497 1848 primi
520 1765 679 1847 judicatus
702 1765 751 1826 aui
776 1783 884 1826 coram
910 1765 1026 1826 eodem
1051 1766 1244 1827 constitutus
1260 1766 1299 1825 de
1324 1785 1409 1828 anno
1435 1766 1567 1827 Domini
1594 1767 1663 1828 mil·

400 1872 515 1934 lesimo
540 1871 861 1953 quadringentesimo
879 1870 1150 1952 quinquagesimo
1167 1872 1317 1954 septimo,
1341 1886 1416 1933 tunc
1441 1872 1509 1953 ipse
1532 1873 1662 1934 terciam

401 1993 523 2062 partem
557 1977 723 2040 cuiusdam
756 1977 849 2038 vinee
881 1977 994 2060 prefati
1027 1977 1165 2040 condam
1199 1979 1279 2061 Elye
1310 1979 1408 2061 patris
1431 1979 1491 2059 sui,
1524 1980 1664 2041 nuncin

400 2085 514 2148 silvam
539 2084 677 2163 redacte,
703 2085 800 2146 simul
833 2104 908 2146 cum
940 2083 1081 2166 virgulto
1106 2083 1211 2146 eidem
1243 2084 1420 2166 subjacenti
1445 2085 1478 2146 in
1502 2086 1663 2147 territorio

402 2204 511 2253 nostro
535 2191 601 2253 sive
625 2191 762 2252 civitatis
786 2189 908 2274 prefate
934 2192 1017 2252 inter
1050 2191 1146 2252 silvas
1177 2192 1318 2252 virorum
1344 2192 1553 2274 providorum
1578 2193 1665 2256 vide·

401 2297 476 2359 licet
499 2297 663 2360 Valentini
688 2297 824 2358 senioris
847 2296 961 2378 judicis
985 2296 1192 2378 concivisque
1218 2297 1317 2360 nostri
1341 2296 1399 2359 filii
1425 2298 1602 2377 Michaelis,
1626 2301 1665 2361 ab

401 2403 605 2482 occidentali,
638 2421 786 2464 necnon
823 2403 960 2464 condam
993 2402 1128 2464 Fabiani
1160 2401 1216 2464 filii
1251 2402 1379 2465 Thome
1412 2404 1491 2466 olim
1525 2405 1665 2466 concivis

401 2509 502 2570 nostri
527 2523 557 2570 et
580 2528 712 2570 suorum
745 2508 899 2570 heredum
938 2529 955 2570 a
986 2523 1075 2590 parte
1106 2509 1371 2591 septemtrionali,
1394 2509 1531 2592 desuper
1564 2531 1582 2572 a
1613 2513 1664 2572 via

402 2615 567 2676 communi
592 2629 623 2676 et
647 2613 728 2676 infra
754 2634 856 2696 usque
881 2615 1020 2676 rivulum
1044 2635 1100 2677 seu
1124 2631 1265 2678 meatum
1284 2636 1367 2698 aque
1393 2617 1541 2700 pluvialis
1565 2638 1598 2679 se
1616 2639 1665 2679 ex·

401 2721 573 2801 tendentis,
598 2721 703 2784 eidem
729 2723 896 2784 Anthonio
921 2721 1109 2807 Oprasnych
1144 2724 1329 2806 propinavit
1352 2738 1383 2786 et
1407 2725 1496 2786 dedit
1520 2741 1578 2788 etc.

507 2828 605 2902 Quod
630 2829 706 2910 quia
724 2829 859 2910 provida
883 2829 1000 2891 mulier
1017 2830 1116 2892 Lucia
1137 2831 1246 2892 relicta
1264 2851 1299 2892 ac
1317 2831 1463 2894 Thomas
1486 2831 1573 2894 filius
1589 2852 1664 2895 cou-

405 2933 479 2997 dam
505 2934 589 2996 Petri
613 2935 814 3017 Ztrozlcoych
839 2935 919 2996 olim
944 2936 1085 2997 concivis
1109 2937 1219 3016 nostri,
1249 2937 1413 3019 quandam
1447 2940 1583 3002 domum
1607 2960 1664 3002 seu

402 3038 538 3101 fundum
570 3042 715 3102 annotati
750 3039 887 3102 condam
921 3041 1016 3120 Petri,
1049 3042 1130 3103 inter
1161 3043 1277 3105 domos
1308 3063 1365 3106 seu
1396 3043 1515 3107 fundos
1538 3049 1577 3108 ab
1603 3067 1665 3108 una

400 3146 551 3208 videlicet
575 3149 615 3208 ab
640 3147 788 3208 orientali
813 3161 902 3230 parte
937 3146 1070 3212 fratrum
1096 3149 1335 3213 Heremitarum
1368 3153 1408 3214 de
1442 3153 1665 3236 promontorio

402 3252 614 3334 zagrabiensi,
638 3272 697 3314 nec
721 3273 787 3314 non
812 3274 829 3314 a
854 3268 942 3336 parte
967 3255 1158 3317 occidentali
1185 3257 1267 3319 inter
1291 3255 1430 3320 fundum
1455 3259 1582 3340 providi
1607 3259 1666 3321 viri

404 3360 502 3422 Blasii
526 3359 740 3442 Ztoymylych
764 3361 889 3442 pridem
913 3360 1040 3442 judicis,
1064 3381 1099 3423 ac
1124 3383 1141 3423 a
1166 3377 1254 3445 parte
1270 3365 1560 3447 semptemtrionali
1586 3367 1667 3428 inter

408 3465 523 3526 domos
547 3484 603 3526 seu
627 3462 745 3526 fundos
768 3465 926 3528 Anthonii
958 3467 1075 3528 sutoris
1104 3470 1214 3548 generi
1239 3470 1377 3532 condam
1410 3471 1541 3534 Custrss
1565 3473 1665 3534 bursi-

405 3571 561 3651 paratoris
584 3585 614 3631 et
638 3571 767 3633 Andree
791 3573 907 3633 rasoris
934 3593 1117 3656 pannorum
1148 3574 1289 3638 habitam
1322 3591 1354 3639 et
1377 3579 1576 3658 existentem,
1601 3599 1665 3640 me-

402 3675 489 3736 diam
514 3677 634 3738 curiam
659 3677 699 3737 ad
723 3698 817 3739 usum
836 3679 971 3742 civitatis
991 3681 1022 3741 in
1048 3700 1081 3742 ac
1098 3683 1318 3745 continentem
1340 3685 1477 3766 provido
1495 3687 1565 3748 viro
1583 3687 1666 3749 Mar·

401 3781 469 3842 tino
493 3782 594 3843 sutori
619 3783 770 3845 Rutheno
794 3804 830 3846 ac
855 3785 1018 3848 Dorothee
1043 3789 1183 3850 consorti
1217 3789 1361 3852 eiusdem
1387 3805 1418 3853 et
1443 3792 1587 3874 ipsorum
1611 3792 1665 3854 he·

401 3886 541 3967 redibus,
573 3888 652 3950 alias
683 3890 869 3952 concivibus
901 3893 1027 3972 nostris,
1049 3913 1107 3974 pro
1138 3895 1240 3956 tribus
1271 3895 1342 3959 flor.
1374 3898 1443 3959 auri
1476 3911 1507 3961 et
1541 3899 1666 3962 duabus

402 3993 509 4075 pensis
534 3993 740 4056 denariorum
765 3997 1000 4060 viennensium
1024 4000 1221 4064 vendidisset
1245 4015 1304 4066 etc.

511 4098 609 4172 Quod
634 4101 708 4182 quia
734 4103 867 4184 provida
902 4105 1018 4166 mulier
1041 4106 1216 4169 Katherina
1249 4123 1362 4171 vocata
1386 4110 1495 4172 relicta
1528 4112 1666 4174 condam

403 4203 533 4266 Thome
559 4205 738 4292 Dragawyn
772 4210 812 4270 de
844 4211 919 4272 villa
953 4212 1127 4274 Branowcz
1159 4214 1237 4276 olim
1271 4216 1413 4278 concivis
1446 4219 1557 4297 nostri,
1582 4239 1668 4281 nunc

402 4330 478 4372 vero
502 4331 633 4374 consors
659 4314 745 4376 Luce
770 4317 886 4377 sutoris
910 4319 1051 4380 concivis
1076 4321 1174 4381 nostri
1199 4320 1258 4383 filii
1282 4322 1436 4404 Stephani
1461 4324 1501 4385 de
1527 4325 1666 4405 Raccha,

403 4418 543 4478 concivis
568 4433 685 4498 nostra,
711 4422 873 4502 quandam
892 4423 1026 4485 domum
1044 4445 1135 4487 suam
1151 4427 1248 4489 simul
1265 4449 1337 4491 cum
1356 4429 1458 4492 fundo
1477 4445 1507 4494 et
1532 4431 1666 4495 edificiis

403 4534 433 4582 et
457 4523 575 4584 celario
599 4526 808 4588 subterraneo
833 4528 865 4588 in
891 4528 974 4590 dicta
1004 4531 1130 4593 civitate
1163 4553 1199 4594 ac
1224 4535 1306 4596 inter
1338 4537 1454 4598 domos
1477 4558 1534 4600 seu
1560 4540 1667 4601 civilia

402 4627 441 4687 ab
466 4647 530 4688 una
554 4630 704 4693 videlicet
728 4653 744 4693 a
769 4635 1022 4715 septemtrionali
1047 4653 1135 4719 parte
1160 4639 1287 4703 discreti
1316 4643 1376 4704 viri
1401 4643 1527 4706 domini
1551 4645 1668 4708 Valen-

401 4732 461 4793 tini
485 4734 614 4814 plebani
640 4736 679 4798 de
704 4738 911 4821 Jampnycza,
935 4761 952 4802 a
977 4757 1064 4822 parte
1088 4764 1165 4806 vero
1194 4747 1398 4810 meridionali
1425 4750 1508 4812 inter
1532 4750 1666 4814 domum

404 4837 572 4900 Laurentii
606 4842 724 4922 Sporar
755 4846 936 4907 concivium
968 4863 1163 4932 nostrorum,
1195 4873 1253 4916 nec
1285 4875 1351 4918 nou
1379 4877 1397 4918 a
1421 4871 1510 4939 parte
1535 4859 1668 4922 orientis

403 4944 548 5006 semitam
575 4967 790 5030 communem,
806 4973 822 5012 a
840 4967 928 5036 parte
945 4975 1021 5018 vero
1041 4959 1218 5024 occidentis
1235 4961 1318 5023 inter
1334 4963 1420 5026 viam
1444 4984 1502 5026 seu
1526 4963 1666 5048 plateam
