3816 5802
509 755 587 818 Item
612 756 767 818 medietas
791 754 957 817 cuiusdam
983 754 1099 817 domus
1123 767 1247 816 murare
1271 767 1301 816 et
1326 752 1417 815 fundi
1442 774 1479 815 ac
1502 751 1668 814 hedificio·

403 883 473 924 rum
500 863 532 924 in
557 862 640 924 dicta
664 863 792 924 civitate
817 861 899 922 inter
916 860 1032 922 domos
1048 861 1171 942 ligneas
1200 873 1230 922 et
1248 859 1367 922 fundos
1390 860 1535 921 virorum
1560 858 1667 941 provi·

403 971 518 1032 dorum
545 970 630 1032 Petri
648 969 724 1031 dicti
749 967 872 1052 lwsych
897 981 928 1030 et
944 969 1121 1030 liberorum
1144 967 1273 1029 Thorne
1291 981 1321 1028 et
1346 966 1501 1029 Demetrii
1525 963 1667 1028 liliorum

402 1077 500 1155 iwan,
524 1097 540 1138 a
565 1076 806 1159 septemtrione,
831 1094 868 1136 ac
891 1073 951 1135 viri
980 1074 1190 1136 consimiliter
1223 1073 1349 1156 providi
1376 1073 1509 1154 Georgii
1533 1071 1667 1150 fabri,a

403 1184 583 1246 meridione
614 1183 721 1244 habite
754 1197 785 1245 et
817 1181 989 1259 existentis,
1025 1180 1164 1242 mediam
1198 1181 1229 1242 in
1263 1193 1332 1243 toto
1364 1179 1485 1242 curiam
1510 1179 1548 1240 ad
1573 1197 1667 1240 usum

402 1290 539 1352 civitatis
556 1287 678 1372 prefate
703 1291 734 1349 in
752 1308 785 1350 se
802 1287 1008 1366 continentis,
1022 1287 1178 1349 medietas
1196 1299 1230 1349 ut
1246 1286 1421 1369 predicitur
1439 1286 1539 1368 ipsius
1552 1285 1668 1346 domus

403 1409 525 1459 mutate
549 1417 566 1458 a
591 1409 678 1478 parte
703 1394 908 1456 meridionali
942 1395 1011 1473 sits,
1036 1414 1072 1456 ac
1096 1393 1251 1458 medietas
1268 1392 1359 1456 fundi
1383 1413 1420 1455 ac
1443 1391 1666 1454 hedificiorum

402 1523 419 1566 a
444 1517 532 1585 parte
557 1503 725 1585 posteriori
749 1501 896 1580 sitorum,
920 1521 1017 1563 unam
1048 1501 1198 1563 videlicet
1222 1515 1368 1582 quartam
1394 1501 1481 1563 curie
1506 1500 1545 1562 ad
1572 1519 1667 1561 usum

404 1610 541 1671 civitatis
565 1609 687 1692 prefate
712 1609 744 1670 in
769 1629 802 1671 se
820 1609 999 1687 continens,
1024 1627 1096 1669 cum
1115 1607 1180 1669 suis
1197 1608 1388 1670 utilitatibus
1405 1619 1436 1669 et
1459 1606 1667 1689 pertinenciis

402 1717 557 1778 universis
581 1716 714 1798 provide
739 1715 866 1777 mulieri
892 1713 1082 1796 Magdalena
1113 1727 1223 1776 vocate
1248 1713 1359 1775 relicte
1376 1713 1513 1775 condam
1539 1711 1667 1774 Nicolai

403 1822 543 1903 agricole
568 1821 624 1884 filii
649 1822 776 1884 Nicolai
803 1821 990 1904 Petrenych,
1016 1835 1049 1883 ut
1073 1819 1136 1902 jam
1160 1840 1242 1882 nove
1268 1820 1391 1882 concivi
1417 1833 1535 1898 nostre,
1560 1838 1596 1881 ac
1611 1837 1669 1902 per

403 1949 474 1991 eam
498 1930 563 1991 suis
587 1928 760 1991 heredibus
784 1941 831 1990 est
854 1928 1029 1990 literatorie
1050 1941 1167 1990 statuta
1192 1941 1348 2010 perpetuo
1372 1926 1577 2008 possidenda.

509 2035 587 2097 item
613 2035 780 2097 Emericus
801 2035 941 2116 agricola
966 2033 1052 2095 filius
1075 2034 1200 2096 Nicolai
1230 2033 1269 2095 de
1295 2032 1441 2096 Gradsan
1466 2053 1566 2113 gener
1591 2052 1667 2095 con-

404 2141 478 2204 dam
503 2141 601 2204 Blasii
634 2140 692 2204 filii
726 2141 856 2204 Martini
889 2141 965 2203 dicti
1000 2141 1126 2220 Krosel,
1151 2141 1313 2223 quandam
1346 2141 1474 2202 vineam
1498 2160 1588 2202 suam
1613 2141 1668 2201 de·

403 2262 519 2310 sertam
545 2248 576 2309 in
601 2247 764 2310 territorio
789 2247 926 2310 civitatis
943 2247 1025 2310 inter
1042 2246 1138 2308 silvas
1162 2247 1202 2308 ab
1224 2267 1286 2308 una
1304 2261 1391 2329 parte
1417 2247 1594 2308 liberorum
1611 2265 1670 2308 seu

402 2373 624 2416 successorum
650 2354 787 2415 condam
810 2353 934 2416 domini
952 2353 1078 2415 Nicolai
1097 2354 1263 2436 presbiteri
1280 2352 1337 2416 filii
1356 2353 1494 2414 condam
1513 2351 1670 2414 lobannis

405 2460 481 2522 dicti
507 2460 619 2543 Bolye,
643 2461 683 2522 ab
708 2461 807 2522 altera
832 2479 908 2522 vero
933 2475 1021 2542 parte
1038 2460 1173 2542 provide
1198 2461 1330 2522 domine
1356 2459 1530 2522 Karberina
1556 2473 1669 2521 vocate

405 2566 514 2628 relicte
546 2565 683 2628 condam
717 2566 847 2651 Mathye
879 2566 997 2628 Farlras
1029 2566 1170 2628 habitam
1204 2581 1235 2629 et
1266 2567 1465 2645 existentem,
1489 2565 1668 2648 desupera

402 2673 453 2734 via
478 2673 642 2734 communi
667 2691 724 2734 seu
748 2692 765 2734 a
790 2672 957 2734 cacumine
981 2673 1102 2734 montis
1126 2673 1208 2734 infra
1238 2691 1339 2755 usque
1364 2672 1504 2734 rivulum
1531 2671 1668 2754 Kuhyn·

403 2778 498 2841 sebalr
523 2793 672 2841 vocatum
697 2800 731 2842 se
749 2779 985 2859 extendentem,
1010 2800 1082 2842 cum
1100 2780 1165 2842 suis
1189 2780 1380 2842 utilitatibus
1406 2793 1437 2843 et
1461 2779 1669 2861 pertinenciis

404 2886 561 2948 universis
585 2885 713 2948 Andree
731 2885 828 2968 judici
854 2899 964 2948 nostro
981 2887 1138 2949 moderno
1160 2885 1228 2948 filio
1247 2886 1412 2950 Michaelis
1436 2905 1495 2969 pro
1514 2899 1668 2968 quatuor-

404 2992 509 3054 decim
534 2991 602 3055 flor.
628 2993 697 3054 auri
729 2991 876 3054 vendidit
907 3007 1064 3075 perpetuo
1097 2993 1324 3076 possidendam
1356 3007 1387 3055 et
1417 2992 1590 3075 superinde
1623 3006 1670 3054 est

402 3097 494 3160 litera
517 3100 577 3161 sub
601 3099 754 3181 pendenti
779 3097 885 3179 sigillo
907 3099 1148 3162 communitatis
1172 3114 1328 3163 emanata.

510 3203 587 3266 ltem
613 3205 676 3267 due
700 3220 805 3288 partes
829 3205 995 3266 cuiusdam
1028 3205 1144 3267 domus
1176 3220 1298 3268 mutate
1324 3221 1355 3269 et
1378 3205 1470 3268 fundi
1495 3226 1531 3268 ac
1556 3203 1669 3267 hedifi-

404 3312 527 3372 ciorum
554 3312 586 3372 in
611 3313 695 3374 dicta
719 3311 847 3374 civitate
864 3311 946 3374 inter
967 3312 1101 3374 domum
1118 3313 1265 3375 similiter
1290 3327 1447 3376 muratam
1473 3328 1503 3374 et
1527 3311 1664 3374 fundum

404 3438 440 3480 ac
463 3417 611 3480 hedificia
636 3419 694 3480 viri
719 3419 847 3501 providi
872 3419 1027 3481 Johannis
1052 3419 1143 3498 fabri,
1174 3420 1336 3482 mediante
1361 3420 1474 3481 semita
1499 3417 1665 3481 communi

403 3525 636 3604 ameridione,
661 3540 692 3588 et
715 3526 797 3588 inter
821 3526 956 3588 domum
982 3527 1193 3589 consimiliter
1225 3539 1383 3588 muratam
1409 3541 1440 3587 et
1464 3524 1601 3587 fundum
1627 3543 1663 3586 ac

404 3630 552 3698 hedificia
576 3632 753 3694 liberorum
778 3653 834 3695 seu
851 3652 1069 3695 successorum
1085 3633 1223 3694 condam
1242 3631 1409 3694 Michaelis
1432 3631 1473 3693 de
1497 3633 1665 3710 Rakonolr,

405 3758 422 3800 a
446 3739 675 3820 septemtrione
692 3738 800 3802 habite
825 3753 856 3802 et
872 3740 1055 3819 existentes,
1074 3740 1214 3801 mediam
1234 3739 1265 3800 in
1283 3753 1353 3801 toto
1370 3739 1491 3800 curiam
1516 3738 1556 3798 ad
1573 3755 1665 3799 usum

405 3845 540 3906 civitatis
552 3843 673 3926 prefate
686 3845 718 3905 in
731 3865 764 3907 se
774 3845 985 3925 continentes,
996 3846 1106 3928 porcio
1116 3845 1236 3908 scilicet
1246 3846 1383 3907 condam
1394 3845 1518 3906 domini
1533 3843 1666 3906 Fabiani

405 3950 572 4032 presbiteri
603 3951 734 4033 plebani
767 3951 899 4013 ecclesie
933 3952 1015 4013 beati
1050 3952 1133 4014 Petri
1158 3952 1197 4012 de
1223 3953 1368 4030 Kassina‚
1395 3971 1492 4014 unam
1519 3951 1668 4014 videlicet

405 4069 551 4138 quartam
575 4077 632 4119 seu
656 4057 735 4119 duas
759 4072 886 4120 octavas
918 4059 1005 4120 curie
1030 4073 1061 4120 et
1093 4059 1172 4120 duas
1197 4073 1301 4140 partes
1325 4059 1421 4120 unius
1445 4073 1557 4120 octave
1581 4055 1666 4119 curie

405 4163 437 4225 in
470 4183 502 4225 se
526 4165 736 4242 continentes,
761 4185 819 4247 pro
844 4185 894 4243 eo,
928 4164 1015 4246 quod
1049 4165 1117 4247 ipse
1142 4164 1293 4226 dominus
1325 4165 1487 4226 Fabianus
1515 4162 1668 4246 presbiter

406 4270 495 4332 dacia
520 4285 551 4332 et
574 4270 759 4352 vigilaturas
783 4291 819 4332 ac
843 4271 905 4332 alia
922 4271 1029 4333 debita
1051 4285 1081 4333 et
1097 4287 1279 4354 opportuna
1304 4290 1340 4332 sc
1364 4270 1511 4332 ordinata
1534 4269 1666 4331 servicia

405 4389 511 4438 nostra
537 4377 722 4439 communia
747 4397 763 4438 a
788 4377 934 4458 pluribus
956 4377 1121 4439 retroactis
1145 4377 1346 4460 temporibus
1371 4391 1401 4438 et
1417 4377 1584 4458 hucusque
1604 4375 1666 4437 sol-

404 4501 477 4543 vere
498 4495 528 4544 et
552 4483 727 4564 inpendere
753 4483 856 4545 noluit
881 4483 920 4544 ad
945 4483 1104 4564 plurimus
1129 4497 1252 4545 nostras
1279 4483 1500 4545 amoniciones
1523 4495 1554 4544 et
1581 4500 1666 4543 com·

406 4588 573 4651 missiones
597 4589 787 4652 literatorias
811 4609 847 4652 ac
875 4589 916 4652 ad
941 4587 1083 4650 forenses
1107 4589 1252 4670 publicas
1284 4603 1406 4651 nostras
1437 4587 1666 4671 proclamacio·

405 4715 472 4774 nes,
505 4695 688 4757 honorabili
720 4696 789 4758 viro
814 4696 948 4757 domino
973 4695 1123 4757 Michaeli
1148 4695 1325 4778 presbitero
1349 4693 1416 4757 filio
1441 4693 1604 4756 Dominici
1628 4693 1668 4755 de

406 4801 588 4884 Thosaycz,
613 4815 647 4863 ut
670 4801 732 4883 jam
759 4822 845 4865 novo
870 4803 993 4863 concivi
1027 4816 1137 4863 nostro
1169 4823 1206 4864 ac
1228 4823 1284 4885 per
1308 4821 1381 4864 eurn
1406 4803 1471 4864 suis
1497 4801 1668 4862 heredibus

405 4927 442 4968 ex
460 4927 498 4968 eo
520 4923 593 4970 sunt
617 4922 648 4969 et
671 4922 717 4970 est
740 4921 855 4971 statute
871 4927 927 4970 seu
950 4921 1064 4970 statuta
1089 4923 1245 4990 perpetuo
1269 4907 1473 4990 possidenda,
1498 4908 1573 4989 quia
1598 4908 1666 4989 ipse

409 5013 560 5076 dominus
593 5014 731 5078 Michael
755 5015 910 5098 presbiter
934 5029 965 5076 et
989 5015 1162 5077 canonicus
1179 5015 1291 5077 eadem
1310 5014 1411 5094 dacia,
1427 5027 1514 5077 taxas
1530 5033 1585 5076 seu
1603 5014 1668 5076 col-
