3832 5804
768 582 854 640 Atro
876 594 965 660 1453·
1439 604 1497 665 ¹49

1026 689 1215 696 *—

232 791 348 852 domos
372 805 402 852 et
427 789 545 854 fundos
569 793 737 855 Laurencii
763 793 904 874 agricole
933 807 964 855 et
989 792 1073 856 Galli
1107 794 1255 856 similiter
1278 795 1416 876 agricole
1441 795 1497 858 ha·

232 899 344 976 bitam,
368 899 508 960 mediam
534 899 656 960 curiam
680 901 720 962 ad
739 920 832 962 usum
859 899 995 962 civitatis
1014 899 1135 983 prelata
1159 901 1190 961 in
1209 920 1241 962 se
1266 901 1497 983 continentem,

233 1004 404 1066 Francisco
428 1005 527 1067 sutori
553 1004 620 1067 filio
646 1005 799 1068 Demetrii
825 1007 865 1068 de
890 1005 1037 1089 ltvanych
1055 1026 1113 1088 pro
1138 1007 1250 1069 decem
1275 1006 1345 1070 flor.
1370 1009 1437 1072 auri
1458 1027 1497 1072 ex

233 1130 390 1172 consensu
414 1112 595 1173 vicinorum
619 1111 836 1196 predictorum
862 1113 1008 1175 vendidit
1025 1129 1180 1196 perpetuo
1214 1114 1442 1196 possidendam
1466 1131 1497 1177 et

231 1217 404 1300 superinde
421 1219 481 1280 sibi
507 1232 554 1280 est
576 1218 666 1280 litera
691 1224 751 1281 sub
774 1220 928 1301 pendenti
945 1219 1053 1300 sigillo
1079 1221 1318 1282 communitatis
1338 1235 1495 1284 emanata.

337 1323 414 1385 Item
440 1323 616 1386 Katherina
648 1325 731 1386 dicta
756 1326 914 1410 Werycza
939 1324 1005 1387 filia
1037 1327 1175 1388 condam
1201 1326 1329 1411 Mathye
1354 1328 1494 1406 sartoris,

230 1428 335 1510 jurati,
361 1449 492 1492 consors
509 1451 594 1492 nunc
610 1431 768 1512 legittima
786 1432 877 1494 Pauli
894 1433 1010 1494 sutoris
1027 1431 1084 1494 filii
1105 1433 1194 1494 Pauli
1211 1434 1343 1495 totalem
1361 1433 1495 1496 domum

230 1556 319 1597 suam
342 1537 484 1618 ligneam
508 1537 606 1599 simul
630 1557 702 1600 cum
738 1538 863 1600 duabus
895 1539 1090 1602 stacionibus
1122 1555 1153 1602 et
1183 1537 1295 1620 fundo,
1320 1541 1495 1622 ceterisque

230 1641 398 1721 hedificiis,
422 1643 559 1725 aliisque
584 1645 706 1706 cunctis
730 1645 794 1705 suis
826 1645 1017 1708 utilitatibus
1042 1660 1072 1708 et
1104 1646 1311 1728 pertinenciis
1337 1647 1495 1709 universis

231 1750 262 1810 in
289 1749 452 1811 vicinitate
476 1749 649 1811 domorum
685 1765 883 1812 muratarum
918 1751 1071 1834 Stephani
1102 1751 1196 1834 jurati
1232 1753 1307 1815 dicti
1332 1754 1441 1838 Zayko
1465 1768 1496 1816 et

231 1855 361 1917 Andree
385 1856 516 1917 sartoris
540 1855 615 1917 dicti
642 1856 761 1919 Radlet
795 1857 949 1936 habitam,
981 1856 1105 1940 prefato
1131 1857 1231 1920 Paulo
1263 1859 1331 1920 viro
1355 1878 1414 1920 suo
1438 1859 1494 1921 do·

233 1963 319 2024 navit
328 1977 483 2045 perpetuo
507 1962 735 2045 possidendam
760 1977 790 2025 et
807 1963 979 2046 superinde
1000 1965 1060 2026 sibi
1079 1979 1125 2027 est
1149 1965 1239 2026 litera
1264 1965 1323 2026 sub
1340 1963 1494 2047 pendenti

233 2068 339 2150 sigillo
364 2069 606 2131 communitatis
630 2084 787 2132 emanata.

335 2175 413 2236 ltem
439 2175 535 2258 Elyas
561 2175 682 2238 tudens
705 2176 790 2238 lilius
816 2177 967 2260 Symonis
999 2179 1210 2260 posteriorem
1242 2193 1364 2260 partem
1389 2179 1492 2240 cuius·

230 2282 303 2343 dam
336 2281 428 2344 fundi
460 2282 575 2362 ligneis
609 2282 765 2344 hedificiis
796 2283 980 2372 decoratam
1014 2285 1046 2345 in
1078 2284 1204 2346 civitate
1237 2284 1378 2364 predicta
1410 2299 1493 2346 retro

229 2387 365 2450 fundum
390 2403 421 2452 et
445 2388 580 2450 domum
606 2389 770 2450 Benedicti
796 2387 875 2451 labri
913 2389 968 2451 lilii
1004 2389 1147 2472 Georgii,
1179 2391 1284 2452 eidem
1318 2391 1493 2453 Benedicto

229 2493 319 2556 labro
344 2513 403 2576 pro
427 2495 539 2556 decem
564 2495 671 2577 pensis
695 2495 900 2558 denariorum
926 2497 1151 2558 viennensium
1176 2497 1320 2559 vendidit
1336 2513 1492 2580 perpetuo

229 2601 456 2683 possidendam
481 2615 647 2682 tamquam
673 2602 831 2685 propriori
866 2603 973 2664 vicino
998 2617 1029 2666 et
1052 2603 1223 2685 superinde
1257 2603 1316 2664 sibi
1343 2617 1389 2666 est
1401 2603 1492 2666 litera

228 2708 287 2768 sub
313 2703 466 2790 pendenti
490 2707 598 2790 sigillo
624 2709 864 2770 communitatis
887 2723 1044 2771 emanata.

335 2813 412 2876 ltem
437 2813 576 2876 Michael
599 2829 701 2876 sartor
725 2815 860 2876 claudus
884 2814 968 2876 lilius
997 2815 1151 2876 Johannis
1175 2815 1214 2876 de
1240 2815 1346 2878 Crisio
1370 2816 1491 2878 medie·

227 2935 324 2984 tatem
351 2923 467 2984 domus
490 2942 546 2984 sue
571 2936 602 2984 et
626 2921 717 2984 fundi
743 2942 779 2984 ac
808 2921 1032 2986 hedificiorum
1057 2923 1088 2984 in
1121 2923 1206 2984 dicta
1230 2921 1386 3004 (civitate)
1411 2923 1492 2986 inter

227 3029 342 3090 domos
367 3043 397 3090 et
420 3027 539 3090 lundos
564 3029 741 3090 liberorum
771 3028 908 3090 condam
934 3029 1063 3090 Thome
1096 3029 1171 3090 dicti
1198 3030 1309 3091 Kozala
1335 3043 1365 3092 et
1390 3030 1491 3092 Beue·

226 3135 301 3197 dicti
327 3136 481 3197 institoris
505 3155 541 3197 ac
565 3135 655 3197 Pauli
681 3135 798 3196 sutoris
822 3135 941 3213 habite,
966 3155 1063 3196 unam
1089 3134 1240 3197 videlicet
1263 3135 1490 3198 tantummodo

226 3255 372 3324 quartam
397 3242 484 3303 curie
509 3242 540 3302 in
565 3262 598 3302 se
623 3241 852 3320 continentem,
871 3241 1009 3302 lohanni
1027 3240 1094 3302 lilio
1118 3242 1256 3303 condam
1278 3241 1362 3304 lwan
1388 3261 1490 3304 sacer·

227 3347 311 3408 dotis
336 3363 369 3410 ut
394 3367 479 3410 novo
504 3348 628 3410 concivi
653 3363 763 3410 nostro
792 3347 937 3409 vendidit
959 3363 1115 3429 perpetuo
1133 3347 1359 3430 possidendam
1386 3363 1416 3408 et
1439 3368 1490 3410 su·

225 3453 358 3536 perinde
383 3454 443 3516 sihi
468 3468 514 3516 est
538 3455 637 3536 glitera
670 3456 729 3516 sub
754 3454 906 3536 pendenti
940 3453 1047 3535 sigillo
1072 3455 1311 3516 communitatis
1333 3467 1489 3517 emanata.

331 3560 410 3623 ltetn
435 3561 619 3623 Anthonius
642 3575 731 3622 sutor
761 3559 846 3622 filius
878 3560 963 3621 lwan
999 3560 1038 3620 de
1064 3560 1258 3638 Dankowcz‚
1283 3561 1489 3621 medietatem

227 3667 394 3728 cuiusdam
419 3668 545 3747 domus,
571 3681 693 3750 partem
727 3667 877 3729 videlicet
908 3667 1103 3728 anteriorem
1128 3667 1271 3728 eiusdem
1306 3666 1432 3745 domus,
1457 3667 1489 3728 in

227 3775 310 3836 dicta
334 3775 461 3837 civitate
487 3776 568 3836 inter
584 3775 700 3836 domos
725 3774 888 3836 Benedicti
908 3773 965 3834 filii
990 3773 1127 3835 condam
1147 3773 1237 3834 Pauli
1262 3773 1489 3855 Zydowchych

227 3896 257 3942 et
282 3880 435 3963 Stephani
467 3881 584 3943 sutoris
615 3881 723 3943 habite
756 3895 787 3943 et
818 3880 999 3958 existentis,
1032 3898 1129 3940 unam
1162 3879 1311 3940 videlicet
1343 3893 1488 3958 quartam

227 3989 312 4049 curie
345 3989 376 4048 in
409 4007 441 4048 se
474 3988 704 4066 continentem,
737 3987 885 4048 Emerico
921 3985 1060 4067 agricole
1094 3983 1160 4046 filio
1193 3984 1330 4045 condam
1363 3983 1489 4045 Nicolai

227 4092 306 4154 fabri
332 4093 479 4175 privigno
505 4093 596 4154 Pauli
625 4091 863 4178 Zydowchych‚
887 4107 921 4152 ut
938 4111 1023 4152 novo
1047 4091 1171 4152 concivi
1194 4105 1314 4170 nostro,
1340 4110 1397 4171 pro
1415 4105 1488 4152 octo

229 4201 296 4264 flor.
321 4201 391 4262 auri
415 4201 560 4263 vendidit
580 4215 735 4284 perpetuo
761 4200 986 4282 possidendam
1012 4214 1042 4261 et
1058 4199 1230 4282 superinde
1256 4211 1302 4260 est
1318 4199 1377 4260 sibi
1396 4199 1487 4260 litera

228 4309 286 4369 sub
311 4307 464 4389 pendenti
490 4307 596 4388 sigillo
629 4306 869 4368 communitatis
893 4320 1048 4366 emanata.

332 4413 411 4475 ltem
450 4413 581 4474 domina
617 4418 725 4494 Agnes
761 4413 869 4474 relicta
909 4412 1046 4473 condam
1080 4410 1242 4472 Dominici
1275 4407 1488 4492 Marsethych‚

226 4520 389 4601 quandam
414 4521 602 4600 porcionem
627 4539 718 4581 suam
743 4519 902 4581 vinealem
928 4519 958 4578 in
991 4517 1152 4579 territorio
1178 4515 1313 4577 civitatis
1338 4516 1419 4576 inter
1442 4514 1488 4575 vi-

226 4627 352 4689 nealem
377 4626 565 4709 porcionem
590 4625 713 4688 domini
739 4624 901 4685 Ambrosii
926 4623 1091 4706 presbiteri
1118 4638 1148 4683 et
1173 4620 1321 4702 Gregorii
1346 4620 1485 4701 agricole

226 4753 262 4794 ac
287 4733 368 4794 inter
392 4733 458 4793 vias
493 4751 681 4795 communes
714 4731 866 4808 habitam,
900 4727 1195 4791 Newedeninschak
1228 4727 1356 4806 dictam,
1382 4727 1487 4788 lwano

226 4839 371 4901 servitori
395 4859 454 4900 suo
479 4837 547 4900 lilio
572 4840 662 4900 Pauli
692 4839 730 4899 de
764 4837 883 4900 Obress
915 4836 1032 4916 legavit
1068 4848 1224 4916 perpetuo
1259 4833 1485 4916 possidendam

227 4961 258 5007 et
298 4944 468 5027 superinde
504 4945 563 5006 sibi
611 4959 658 5006 est
696 4945 787 5006 litera
824 4945 882 5004 sub
918 4942 1069 5024 pendenti
1107 4941 1213 5022 sigillo
1249 4939 1488 5002 communitatis

227 5067 383 5116 emanata.
