3832 5804
802 566 887 623 Anno
912 577 1001 641 1459.
1476 567 1532 648 t89

267 793 485 835 successorum
510 774 648 836 condam
674 774 806 856 Georgii
840 776 932 855 jurati
968 777 1135 858 Marethyn
1169 777 1255 855 dicti,
1279 779 1318 838 ab
1345 799 1417 856 una,
1443 779 1532 840 vide·

267 879 341 939 licet
364 881 404 940 ab
429 880 576 942 orientali
602 893 701 962 parte,
727 895 757 942 et
773 881 856 942 Petri
881 880 938 943 filii
964 883 1100 943 condam
1120 884 1262 964 magistri
1282 884 1435 966 Stephani
1453 885 1532 967 lapi·

268 985 336 1046 cide
361 1006 396 1047 ac
420 987 568 1048 similiter
592 987 768 1048 liberorum
793 1007 848 1048 seu
866 1007 1084 1050 successorum
1103 989 1240 1050 condam
1260 989 1393 1072 Georgii
1417 991 1534 1054 sutoris

266 1089 322 1152 filii
348 1091 446 1174 ipsius
470 1093 612 1174 magistri
631 1093 783 1176 Stephani
801 1093 950 1176 lapicide,
981 1096 1020 1155 ab
1038 1095 1231 1156 occidentali
1252 1111 1352 1177 parte,
1369 1098 1428 1158 tria
1445 1098 1533 1159 vide-

266 1197 340 1260 licet
352 1199 508 1280 quartalia
526 1201 610 1261 curie
625 1199 665 1261 ad
683 1220 775 1262 usum
793 1201 876 1262 dicte
893 1201 1029 1263 civitatis
1046 1202 1078 1262 in
1103 1221 1135 1263 se
1153 1203 1382 1282 continentem,
1401 1204 1531 1266 Thome

268 1307 378 1367 sartori
403 1305 470 1368 filio
496 1307 649 1388 Stephani
686 1307 724 1368 de
762 1309 878 1369 Rakwa
913 1328 949 1369 ac
974 1328 1029 1392 per
1061 1329 1135 1370 eum
1172 1311 1237 1370 suis
1270 1310 1443 1372 heredibus
1475 1331 1532 1393 pro

268 1413 479 1493 quadraginta
497 1415 598 1475 tribus
623 1413 691 1476 fior.
710 1414 857 1476 vendidit
873 1429 1029 1497 perpetuo
1049 1415 1288 1496 possidendam,
1306 1431 1336 1478 et
1360 1418 1532 1499 superinde

267 1518 357 1579 litera
377 1521 618 1581 communitatis
631 1522 690 1582 sub
703 1521 810 1601 sigillo
825 1521 969 1582 eiusdem
983 1523 1222 1584 communitatis
1238 1536 1283 1584 est
1297 1523 1357 1584 sibi
1375 1537 1532 1585 emanata.

373 1625 450 1687 ltem
474 1631 568 1689 Anna
594 1627 703 1689 relicta
728 1628 866 1688 condam
892 1628 982 1690 Pauli
1009 1629 1177 1708 Walputh‚
1207 1629 1371 1710 quandam
1396 1631 1530 1692 domum

267 1751 357 1792 suam
381 1746 538 1794 muratam
565 1753 637 1795 cum
663 1733 781 1796 celario
806 1748 837 1794 et
861 1734 986 1796 duabus
1003 1735 1199 1796 stationibus
1216 1736 1363 1796 similiter
1387 1737 1530 1814 muratis,

268 1853 298 1899 et
322 1837 431 1900 fundis
455 1859 490 1900 ac
515 1838 649 1902 edificiis
674 1841 705 1901 in
723 1840 807 1902 dicta
833 1841 961 1902 civitate
979 1841 1060 1902 inter
1077 1841 1211 1902 domum
1235 1842 1376 1922 ligneam
1403 1856 1432 1902 et
1456 1840 1528 1903 fun·

267 1945 343 2006 dum
370 1944 503 2027 Georgii
527 1945 685 2028 pellificis,
709 1948 748 2008 ab
774 1946 951 2025 occidente,
980 1961 1011 2009 et
1035 1948 1117 2009 inter
1148 1961 1212 2008 tres
1236 1949 1303 2010 vias
1327 1967 1383 2009 seu
1408 1948 1530 2030 plateas

266 2071 465 2131 communes,
489 2073 586 2114 unam
612 2073 630 2114 a
653 2054 881 2134 septemtrione
906 2065 937 2114 et
961 2053 1057 2114 aliam
1082 2055 1121 2116 ab
1150 2054 1273 2117 oriente
1297 2075 1333 2116 ac
1357 2059 1488 2116 terciam
1514 2075 1530 2117 a

266 2159 446 2220 meridione
469 2159 554 2237 sitas,
579 2172 641 2222 tres
660 2160 691 2220 in
717 2173 786 2222 toto
806 2161 909 2221 curias
926 2175 956 2220 et
980 2179 1077 2221 unam
1095 2175 1241 2242 quartam
1267 2162 1353 2223 curie
1378 2161 1418 2222 ad
1435 2181 1528 2222 usum

268 2265 349 2326 dicte
375 2265 511 2327 civitatis
535 2266 567 2326 in
592 2287 625 2328 se
658 2267 888 2343 continentem,
915 2266 1022 2327 Blasio
1055 2265 1122 2328 filio
1148 2266 1280 2347 Georgii
1313 2267 1528 2350 Zthoymilicz

268 2372 346 2433 alias
370 2373 410 2434 de
435 2372 665 2455 Zthenychnak
697 2393 734 2433 ac
758 2393 815 2455 per
847 2393 920 2434 eum
953 2373 1019 2434 suis
1048 2372 1220 2434 heredibus
1254 2393 1312 2455 pro
1337 2388 1466 2435 centum
1500 2386 1530 2434 et

267 2477 478 2558 quadraginta
502 2479 572 2540 fior.
597 2479 743 2540 vendidit
767 2493 923 2562 perpetuo
955 2479 1183 2560 possidendam
1219 2494 1249 2539 et
1265 2478 1437 2560 superinde
1470 2480 1530 2539 sub

267 2585 419 2666 pendenti
444 2585 551 2665 sigillo
575 2586 666 2648 litera
691 2601 798 2647 nostre
823 2585 1062 2646 communitatis
1090 2599 1136 2646 est
1159 2585 1219 2646 sibi
1245 2598 1402 2646 emanata.

372 2691 449 2752 ltem
477 2693 621 2754 Marinus
653 2691 738 2754 filius
763 2692 893 2753 Klarich
927 2691 965 2751 de
995 2691 1124 2772 Segnia,
1157 2691 1280 2772 pridem
1305 2691 1400 2772 judex
1426 2691 1531 2753 conci·

266 2797 378 2878 visque
409 2811 527 2876 noster,
560 2798 725 2880 quoddam
758 2797 856 2859 fenile
888 2817 982 2858 suum
1015 2798 1047 2858 in
1081 2817 1195 2880 campo
1229 2797 1365 2858 civitatis
1389 2797 1532 2879 predicte

267 2903 348 2965 inter
372 2919 470 2966 terras
495 2905 657 2967 colendini
675 2904 944 2966 confraternitatis
960 2903 1144 2966 carnificum
1170 2925 1205 2965 ac
1231 2904 1329 2965 Marci
1348 2904 1387 2964 de
1411 2903 1531 2966 Charra

267 3009 423 3089 habitum,
449 3010 575 3072 fossatis
607 3011 902 3088 circumvallatum,
935 3010 975 3071 ad
1010 3011 1119 3071 decem
1146 3011 1247 3071 dietas
1280 3030 1311 3070 se
1345 3011 1532 3088 extendeus,

267 3117 431 3198 Stephano
456 3116 523 3180 filio
556 3117 686 3180 Thome
718 3118 940 3199 Wgrinowicz
976 3117 1015 3178 de
1047 3116 1187 3200 Zynche,
1220 3117 1324 3197 jurato
1350 3130 1381 3179 et
1406 3118 1530 3179 concivi

266 3237 387 3302 nostru,
411 3245 447 3286 ac
471 3245 527 3308 per
552 3245 626 3287 eum
650 3226 716 3286 suis
733 3225 904 3286 heredibus
928 3243 985 3306 pro
1003 3223 1176 3285 duodecim
1197 3222 1266 3286 flor.
1291 3224 1358 3284 auri
1385 3225 1532 3286 vendidit

266 3345 423 3414 perpetuo
446 3333 678 3414 possidendum
697 3345 728 3393 et
741 3330 913 3414 superinde
927 3331 986 3392 sub
1004 3330 1157 3413 pendenti
1181 3329 1289 3410 sigillo
1314 3331 1405 3392 litera
1423 3347 1529 3392 nostre

269 3439 508 3500 communitatis
533 3451 581 3500 est
603 3439 663 3500 sibi
693 3453 849 3499 emanata.

372 3544 449 3607 ltem
476 3545 639 3606 lohannes
663 3545 845 3626 cingulator
868 3543 953 3604 filius
976 3543 1174 3624 Sigismundi
1200 3543 1239 3605 de
1264 3545 1404 3626 Ryenna,
1430 3563 1530 3625 quan·

267 3650 340 3711 dam
374 3651 508 3713 domum
533 3671 623 3713 suam
656 3665 832 3730 muratam,
864 3651 960 3711 simul
993 3670 1065 3711 cum
1098 3649 1199 3712 fundo
1225 3665 1255 3712 et
1286 3650 1441 3711 hedificiis
1465 3665 1529 3711 tam

265 3757 384 3838 lapidei
409 3777 507 3838 quam
531 3757 630 3838 lignei
655 3759 761 3838 operis
778 3757 857 3818 inibi
883 3756 999 3816 habitis
1024 3769 1054 3817 et
1071 3757 1270 3834 constructis,
1293 3757 1324 3815 in
1350 3755 1434 3816 dicta
1452 3755 1528 3816 civi·

265 3877 329 3925 tate
353 3864 435 3926 inter
459 3865 576 3926 domos
600 3865 722 3945 ligneas
747 3877 777 3926 et
802 3863 920 3924 fundos
937 3863 1099 3924 Valentini
1124 3863 1239 3943 judicis
1256 3862 1355 3923 nostri
1381 3863 1527 3922 moderni

265 3969 323 4034 filii
349 3971 485 4032 condam
504 3970 682 4048 Michaelis,
707 3972 746 4030 ab
764 3969 913 4031 orientali
938 3981 1038 4050 parte,
1056 3983 1086 4029 et
1102 3968 1295 4030 venerabilis
1319 3967 1377 4028 riri
1403 3967 1528 4027 domini

266 4077 396 4138 Thome
421 4078 575 4160 prepositi
594 4077 633 4139 de
659 4076 864 4157 Galgwncza,
882 4079 921 4136 ab
939 4075 1131 4136 occidentali
1149 4089 1236 4156 parte
1259 4074 1412 4150 habitam,
1430 4093 1526 4134 unam

266 4185 423 4265 integram
439 4185 558 4246 curiam
584 4185 623 4244 ad
638 4203 729 4244 usum
756 4184 839 4244 dicte
864 4182 999 4243 civitatis
1014 4181 1045 4242 in
1062 4201 1095 4243 se
1114 4182 1343 4257 continentem,
1362 4179 1525 4261 Stephano

266 4292 411 4371 arcupari
435 4311 491 4352 seu
515 4310 679 4352 armorum
703 4289 841 4371 paratori
873 4287 940 4349 filio
966 4286 1133 4348 Michaelis
1158 4287 1233 4347 dicti
1258 4285 1461 4368 Kerezthyen
1488 4285 1527 4345 de

266 4396 437 4458 Koloswar
461 4418 496 4458 ac
514 4417 571 4479 per
588 4417 661 4458 eum
687 4398 752 4457 suis
777 4395 949 4457 heredibus
965 4415 1023 4476 pro
1049 4394 1187 4475 quadam
1214 4393 1312 4454 domo
1337 4413 1393 4454 sua
1418 4392 1524 4472 lignea

265 4521 365 4584 prope
389 4523 445 4564 seu
469 4517 553 4565 retro
578 4501 734 4584 capellam
760 4521 816 4562 seu
840 4501 1006 4562 ecclesiam
1032 4503 1123 4561 beate
1142 4499 1316 4561 Katherine
1341 4499 1473 4578 virginis
1491 4518 1526 4559 ac

266 4628 323 4690 pro
347 4609 568 4672 additamento
594 4608 839 4690 quatuordecim
864 4627 936 4670 cum
963 4607 1070 4668 medio
1100 4606 1168 4670 flor.
1194 4606 1262 4667 auri
1286 4605 1433 4666 vendidit
1458 4624 1528 4686 per-

265 4730 363 4796 petuo
388 4715 618 4797 possidendam
643 4728 674 4777 et
698 4715 870 4796 superinde
895 4716 953 4775 sub
978 4713 1130 4796 pendenti
1156 4713 1263 4794 sigillo
1296 4713 1387 4772 litera
1422 4723 1528 4772 nostre

266 4823 505 4884 communitatis
529 4835 575 4884 est
599 4822 659 4882 sibi
685 4835 842 4883 emanata.

373 4929 450 4990 ltem
476 4929 644 4990 Ladislaus
661 4926 746 4988 filius
770 4927 907 4988 condam
923 4926 1019 4987 Blasii
1037 4925 1112 4987 dicti
1132 4924 1408 5002 Charanthowicz,
1426 4943 1528 5005 quan-

267 5034 339 5096 dam
365 5034 571 5098 medietatem
597 5035 764 5096 cuiusdam
790 5033 897 5116 (hlorti
926 5034 1034 5095 totalis
1058 5033 1091 5094 in
1122 5032 1283 5094 territorio
1308 5044 1416 5092 nostro
1441 5045 1528 5092 extra
