3816 5802
694 1623 822 1724 (Almo
848 1621 1006 1712 Domini
1033 1617 1338 1718 moedorum.)

959 1835 1067 1846 ——-

383 1965 471 2042 Item
484 1966 518 2040 in
530 1987 624 2040 anno
636 1962 780 2038 Domini
797 1962 983 2037 millesimo
999 1959 1353 2061 quadringentesimo
1366 1957 1647 2057 quadragesimo

383 2113 490 2183 nono,
505 2097 670 2188 tempore
678 2086 857 2184 judicatus
872 2086 937 2160 viri
953 2084 1091 2184 providi
1107 2093 1145 2159 et
1159 2083 1303 2158 honesti
1320 2080 1477 2159 Conradi
1495 2081 1648 2158 Rawsar

378 2211 507 2311 judicis
528 2212 642 2286 nostri
664 2210 824 2286 moderni
853 2207 912 2284 filii
932 2207 1067 2300 erici,
1100 2207 1192 2282 feria
1219 2207 1334 2281 tercia
1370 2207 1534 2305 proxima
1562 2213 1650 2305 post

383 2335 514 2411 festum
545 2332 803 2411 Conversionis
832 2331 929 2408 beati
959 2331 1059 2407 Pauli
1089 2331 1258 2432 apostoli,
1282 2353 1432 2430 presens
1462 2329 1651 2405 katernum

384 2457 604 2535 estfactum
642 2480 750 2556 super
778 2457 1042 2555 registracione
1078 2463 1116 2530 et
1152 2454 1435 2552 consignacione
1471 2463 1651 2529 certarum

383 2582 564 2658 bterarum
577 2580 847 2679 privilegialium
864 2579 989 2654 civium
1002 2567 1044 2653 'et
1058 2577 1299 2654 habitatorum
1315 2577 1471 2652 civitatis
1487 2577 1650 2676 predicte

384 2729 493 2805 super
526 2705 819 2804 possessionibus
850 2703 1058 2780 eorumdem
1078 2703 1204 2777 civium
1233 2711 1271 2776 et
1297 2701 1540 2776 habitatorum
1560 2701 1652 2776 infra

384 2829 649 2904 nominatorum
677 2827 711 2901 in
742 2827 838 2903 dicta
856 2827 1003 2903 civitate
1023 2827 1156 2902 eteius
1176 2827 1361 2901 territorio
1381 2824 1524 2915 habitis,
1546 2826 1651 2924 privi-

398 2950 579 3050 legialiter
607 2951 672 3026 sub
701 2949 871 3050 pendenti
902 2951 1022 3050 sigillo
1052 2951 1317 3025 communitatis
1347 2949 1590 3024 confectarum
1614 2957 1653 3026 et

684 3081 930 3150 emanatarum
960 3074 1068 3150 modo
1097 3073 1340 3173 infrascripto.

890 3301 955 3380 (28.
972 3305 1137 3382 januarii).

491 3445 568 3507 Item
593 3444 756 3508 lohannes
780 3443 865 3506 filius
890 3445 970 3506 Pero
995 3445 1088 3526 jurati
1117 3443 1280 3526 quandam
1313 3444 1447 3505 domum
1473 3464 1564 3506 suam
1588 3445 1651 3527 lig·

386 3572 478 3615 neam
504 3551 601 3614 simul
626 3571 698 3614 cum
724 3550 826 3612 fundo
851 3564 881 3612 et
905 3551 1023 3613 celario
1048 3553 1257 3613 subterraneo
1281 3571 1317 3613 ac
1334 3550 1491 3613 hedificiis
1516 3552 1548 3612 in
1573 3553 1650 3613 civi·

384 3672 447 3722 tate
473 3658 615 3741 predicta
640 3658 723 3719 inter
747 3657 873 3736 domos,
898 3656 1016 3718 fundos
1040 3671 1071 3719 et
1092 3656 1240 3720 hedificia
1264 3657 1441 3719 liberorum
1466 3677 1523 3718 seu
1549 3657 1649 3719 eciam

386 3783 607 3827 successurum
632 3763 768 3825 condam
787 3762 914 3825 Crisaui
939 3763 978 3824 de
996 3763 1143 3846 Dedych,
1166 3764 1441 3846 aseptemtrione‚
1466 3777 1496 3824 et
1521 3764 1649 3826 Thome

387 3870 556 3954 freniparis
581 3868 638 3931 filii
663 3869 760 3930 Blasii
794 3868 834 3930 de
859 3868 975 3948 Crisio‚
1006 3890 1024 3930 a
1056 3869 1236 3932 meridione
1267 3869 1386 3949 habita,
1411 3870 1470 3931 tria
1494 3869 1650 3950 quartalia

386 3977 474 4040 curie
505 3975 545 4036 ad
579 3995 671 4036 usum
709 3975 845 4058 civitatis
879 3974 1002 4056 prefate
1037 3976 1070 4036 in
1102 3996 1135 4037 se
1172 3977 1402 4054 continentem,
1428 3976 1558 4038 Tborue
1583 3974 1649 4037 filio

386 4082 519 4164 Georgii
544 4081 583 4142 de
610 4081 685 4143 Belo
711 4094 745 4144 ut
768 4100 855 4143 novo
888 4082 1012 4143 concivi
1038 4095 1147 4143 nostro
1164 4102 1222 4164 pro
1240 4082 1368 4163 triginta
1394 4096 1468 4144 octo
1494 4081 1563 4144 flor.
1582 4083 1649 4143 auri

385 4189 531 4252 vendidit
554 4202 710 4272 perpetuo
736 4187 965 4270 possidendam
988 4203 1019 4250 et
1051 4189 1224 4270 superinde
1256 4188 1362 4250 eidem
1387 4188 1517 4250 Thome
1542 4203 1588 4251 est
1612 4189 1650 4250 li-

387 4310 453 4358 tera
477 4297 536 4358 sub
561 4294 714 4378 pendenti
739 4293 846 4374 sigillo
872 4295 1112 4356 communitatis
1135 4307 1293 4357 emanata.

496 4401 573 4462 Item
607 4415 746 4482 quatuor
775 4400 869 4462 vinee
902 4401 1048 4461 Barnabe
1080 4401 1235 4463 institoris
1259 4402 1290 4463 in
1323 4402 1485 4464 territorio
1517 4401 1652 4462 civitatis

389 4507 542 4588 predicte,
567 4508 630 4569 due
647 4506 798 4568 videlicet
815 4506 909 4568 vinee
930 4506 1012 4567 inter
1028 4507 1138 4569 vineae
1155 4508 1331 4570 liberorum
1355 4507 1493 4570 condam
1523 4507 1652 4569 Thorne

388 4613 481 4690 jurati
517 4611 575 4675 filii
600 4613 679 4674 olim
705 4611 812 4674 Chuni
844 4611 970 4693 judicie,
1002 4633 1019 4674 a
1052 4613 1242 4692 meridione,
1268 4628 1298 4676 et
1331 4614 1488 4676 Anthonii
1512 4613 1652 4694 agricole

387 4717 445 4780 filii
470 4718 608 4780 condam
635 4718 767 4800 Georgii
792 4715 943 4799 lutifiguli
968 4737 986 4778 a
1015 4719 1246 4799 septemtrione
1263 4719 1385 4782 habitas
1410 4734 1441 4780 et
1465 4719 1652 4794 existentem

389 4837 421 4886 et
445 4825 507 4886 alie
533 4824 595 4887 due
620 4825 711 4886 vinee
738 4825 769 4885 iu
794 4837 904 4886 tnonte
938 4823 1023 4886 lsecz
1047 4839 1161 4886 vocato
1194 4826 1276 4887 iuter
1308 4827 1417 4888 vineas
1443 4825 1550 4906 Egidii
1572 4825 1652 4907 agri·

387 4930 469 5009 cole,
493 4951 509 4992 a
535 4930 727 5010 meridione‚
754 4944 785 4992 et
810 4931 900 4992 Pauli
927 4931 1194 4993 molendinatoris
1212 4931 1287 4992 dicti
1315 4931 1473 4994 Cwetbko
1498 4945 1530 4994 et
1556 4930 1651 4993 Blasii

389 5033 493 5098 fratris
517 5037 565 5100 sui
590 5034 732 5098 filiorum
757 5036 886 5100 Thotne
911 5037 951 5098 de
977 5037 1154 5118 Krulewcz,
1178 5058 1195 5098 a
1220 5039 1451 5120 septemtrione
1476 5037 1598 5099 habitas
1623 5051 1654 5099 et
