3816 5802
798 517 1000 598 Anno1449.
1474 533 1529 594 ¹05

265 726 460 792 damsilvas
476 727 653 790 liberorum
671 727 808 790 condam
827 727 983 790 Anthonii
1002 727 1164 790 Scherbak
1183 741 1213 788 et
1231 727 1396 790 Benedicti
1417 727 1529 790 Krusel

265 855 297 896 se
330 834 575 913 extendentem,
607 834 704 895 simul
740 853 812 896 cum
845 833 986 916 quadam
1018 833 1097 895 silva
1130 833 1277 896 similiter
1312 835 1342 896 in
1368 835 1529 896 territorio

264 955 373 1004 nostro
390 941 473 1002 inter
494 941 608 1002 silvam
626 940 801 1002 liberorum
819 939 956 1002 condam
981 939 1074 1021 jurati
1093 939 1241 1022 Gregorii
1267 939 1323 1002 filii
1350 940 1530 1018 Benedicti,

265 1067 301 1110 ac
325 1049 408 1111 inter
432 1047 596 1128 quandam
620 1047 748 1108 vineam
775 1044 962 1108 inforestam
995 1047 1170 1108 liberorum
1202 1046 1340 1108 condam
1364 1045 1529 1108 Chudaw·

265 1153 357 1215 chich
381 1153 536 1233 habitam,
560 1152 734 1214 Valentino
750 1152 919 1216 tributario
944 1150 1011 1215 filio
1030 1151 1186 1215 lohannis
1202 1151 1337 1215 domino
1362 1165 1392 1214 et
1417 1153 1531 1214 marito

265 1280 324 1323 suo
350 1259 483 1321 donavit
507 1272 664 1342 perpetuo
692 1257 920 1340 possidendam
949 1273 979 1321 et
996 1259 1166 1341 superinde
1191 1273 1237 1320 est
1262 1260 1353 1322 litera
1376 1259 1436 1321 sub
1454 1279 1530 1342 pen·

266 1367 354 1430 denti
378 1366 486 1448 sigillo
510 1365 751 1428 communitatis
781 1379 938 1429 emanata.

371 1472 449 1535 ltem
476 1472 574 1555 Elyar
599 1471 720 1533 Judeus
749 1469 834 1533 filius
859 1471 1011 1554 Symottis
1043 1470 1238 1534 inhabitator
1270 1471 1405 1534 civitatis
1429 1491 1530 1554 quan·

266 1579 340 1640 dam
365 1579 493 1640 vineam
519 1577 777 1639 condicionalem
808 1575 946 1638 condam
971 1578 1110 1640 Emetici
1142 1575 1200 1640 filii
1226 1578 1386 1640 Francisci
1410 1578 1526 1657 claudi,

265 1686 298 1748 in
323 1684 484 1748 territorio
508 1683 646 1746 civitatis
670 1683 823 1766 predicte,
859 1684 941 1746 inter
974 1683 1231 1746 condicionalem
1264 1683 1391 1746 vineam
1415 1683 1532 1746 libero·

266 1812 337 1856 rum
361 1811 419 1854 seu
442 1810 662 1854 successorum
683 1790 824 1880 condam
840 1790 974 1852 Fabiani
1000 1803 1031 1852 et
1048 1790 1204 1852 Anthonii
1229 1789 1369 1852 filiorum
1385 1791 1533 1872 Adriani,

265 1901 305 1961 ab
331 1918 394 1960 una
418 1913 519 1981 parte,
543 1900 582 1960 ab
617 1897 715 1959 altera
747 1916 823 1958 vero
857 1897 939 1959 inter
970 1897 1096 1959 vineam
1123 1897 1259 1960 liberam
1283 1897 1430 1960 similiter
1453 1898 1532 1960 libe·

267 2025 377 2068 rorum
401 2004 538 2068 condam
557 2003 737 2066 Clementis
761 2004 900 2085 agricole
917 2004 1071 2084 habitam,
1094 2004 1266 2087 desupera
1290 2005 1341 2066 via
1366 2005 1531 2067 communi

267 2125 299 2173 et
322 2109 404 2172 inira
430 2129 533 2192 usque
558 2109 713 2189 rivulum,
745 2129 818 2172 cum
850 2109 990 2190 virgulto
1015 2111 1075 2172 sibi
1100 2110 1278 2192 subjacenti
1301 2130 1335 2174 se
1359 2110 1533 2173 extenden-

266 2232 343 2298 tem,
367 2237 440 2279 cum
465 2217 530 2278 suis
554 2217 665 2278 usibus
683 2231 713 2278 et
729 2217 935 2300 pertinenciis
962 2217 1119 2278 universis
1135 2217 1270 2280 Nicolao
1294 2217 1399 2298 jurato
1423 2231 1533 2280 nostro

267 2324 425 2386 moderno
450 2322 518 2385 lilio
544 2323 699 2386 Demetrii
717 2323 803 2386 dicto
821 2322 973 2385 Chuthlto
998 2338 1154 2405 procerte
1179 2324 1389 2405 pecuniarum
1407 2323 1533 2406 quanti-

266 2444 331 2492 tate
356 2450 393 2492 ex
410 2449 568 2491 consensu
589 2429 770 2492 vicinorum
788 2428 1004 2511 predictorum
1022 2428 1169 2490 vendidit
1185 2443 1341 2511 perpetuo
1365 2429 1532 2512 possiden·

267 2537 342 2598 dam
364 2537 417 2614 ita,
442 2535 531 2617 quod
556 2536 623 2618 ipse
650 2536 805 2598 Nicolaus
837 2535 876 2596 de
905 2535 1018 2596 eadem
1051 2535 1144 2598 vinea
1169 2555 1269 2596 unum
1295 2535 1364 2600 flor.
1389 2535 1458 2597 auri
1490 2533 1532 2597 ad

268 2643 456 2705 comitatum
481 2655 625 2703 nostrum
659 2641 735 2704 dare
759 2643 919 2703 tenebitur
936 2653 967 2704 et
993 2641 1165 2724 superinde
1190 2656 1236 2704 est
1259 2641 1351 2704 litera
1379 2643 1439 2703 sub
1456 2661 1533 2725 pen·

267 2748 355 2811 denti
380 2747 487 2830 sigillo
512 2748 752 2810 communitatis
776 2761 933 2809 emanata.

294 2950 377 3022 Item
406 2949 492 3020 leria
520 2958 644 3037 quarta
682 2947 836 3038 proxima
865 2961 942 3021 ante
971 2951 1096 3022 festum
1124 2947 1379 3022 Purificacionis
1408 2951 1505 3022 beate

770 3072 910 3162 virginis
939 3075 1054 3146 llario.

775 3241 837 3308 (29.
855 3229 1022 3306 januarii).

374 3349 453 3410 ltem
479 3349 671 3411 Benedictus
707 3363 808 3412 sartor
840 3349 925 3412 filius
949 3349 1115 3412 Michaelis
1146 3348 1270 3431 pridem
1304 3349 1400 3431 judex
1424 3344 1530 3412 conci·

268 3456 381 3538 visque
406 3469 525 3535 noster,
550 3457 580 3517 in
606 3477 662 3518 sua
687 3471 718 3518 et
749 3458 972 3519 universorum
1005 3475 1180 3540 puerorum
1204 3475 1337 3517 suorum
1361 3456 1529 3538 utriusque

268 3582 362 3625 sexus
397 3562 559 3644 quendam
592 3562 748 3644 (h)ortum
773 3583 866 3626 suum
891 3577 922 3626 et
954 3564 1096 3646 ipsorum
1125 3581 1298 3646 puerorum
1331 3581 1464 3625 suorum
1498 3563 1529 3623 in

267 3669 428 3731 territorio
453 3683 563 3730 nostro
587 3689 643 3730 seu
668 3670 804 3731 civitatis
829 3668 949 3751 prefate
978 3690 1078 3752 prope
1103 3682 1134 3730 et
1157 3670 1270 3730 subtus
1295 3687 1423 3730 murum
1446 3669 1528 3730 eius·

268 3777 341 3838 dem
367 3776 504 3838 civitatis
529 3777 567 3836 de
593 3777 728 3857 portella
753 3797 808 3838 seu
826 3789 911 3839 extra
937 3776 1105 3859 portellam
1124 3795 1256 3858 parvam
1274 3775 1373 3858 ipsius
1397 3774 1533 3837 civitatis

266 3883 306 3944 ad
332 3901 481 3964 campum
505 3883 687 3961 ducentem,
713 3883 794 3946 inter
819 3897 850 3946 et
874 3903 971 3966 penes
1000 3883 1153 3966 (h)ortum
1180 3883 1358 3944 liberorum
1382 3901 1439 3944 seu
1463 3899 1532 3942 suc·

267 4007 429 4050 cessurum
453 3987 591 4049 condam
616 3989 732 4050 Marini
757 3989 883 4068 judicis,
908 3991 947 4050 ab
964 3989 1098 4068 oriente,
1123 4003 1154 4050 et
1171 3989 1253 4051 inter
1277 3987 1433 4070 (h)ortum
1459 4005 1532 4070 pro·

266 4095 339 4156 vide
364 4093 509 4155 mulieris
535 4095 734 4176 Margaretha
770 4111 880 4157 vocate
913 4095 1022 4157 relicte
1055 4095 1193 4157 condam
1229 4095 1342 4157 Briccii
1368 4094 1534 4176 piscatoris

267 4219 354 4262 nunc
379 4213 485 4261 autem
519 4203 675 4263 consortis
708 4203 865 4283 legittime
898 4203 1008 4264 iacobi
1045 4200 1138 4282 jurati
1170 4201 1271 4262 nostri
1304 4200 1450 4262 moderni
1476 4198 1533 4260 filii

268 4306 367 4369 Vlrici
393 4307 568 4390 Eberspek,
592 4311 632 4370 ab
657 4309 823 4370 occidente
857 4308 1014 4386 habitum,
1047 4327 1119 4369 cum
1145 4307 1211 4369 auis
1244 4305 1436 4368 utilitatibus
1460 4325 1533 4387 pro-

267 4414 345 4476 vido
368 4415 437 4475 viro
471 4413 579 4476 Blasio
612 4415 805 4476 stacionario
838 4415 904 4476 lilio
938 4414 1028 4476 Pauli
1061 4414 1186 4497 pridem
1219 4413 1317 4494 judici
1343 4412 1533 4493 concitique

268 4534 378 4582 nostro
402 4539 461 4603 pro
486 4519 626 4602 quadam
651 4535 738 4602 parte
764 4521 931 4582 cuiusdam
965 4535 1046 4582 terre
1071 4539 1126 4582 sue
1159 4519 1289 4582 arabilis
1313 4539 1371 4600 pro
1396 4531 1534 4599 quatuor

268 4628 419 4692 videlicet
443 4629 537 4690 dietis
561 4649 618 4690 seu
642 4649 700 4712 pro
732 4630 864 4710 triginta
897 4629 995 4690 sulcis
1025 4642 1107 4690 terre
1141 4627 1239 4708 vulgo
1265 4626 1359 4707 zloge
1382 4626 1474 4688 dictis
1498 4646 1534 4687 ac

269 4755 327 4817 pro
352 4734 574 4797 additamento
598 4736 712 4816 viginti
745 4737 895 4798 etunius
928 4735 997 4800 flor.
1030 4735 1097 4798 auri
1126 4755 1182 4816 per
1215 4734 1348 4795 modum
1374 4745 1534 4814 permuta·

270 4841 372 4903 ciouis
396 4855 428 4904 et
451 4843 633 4903 concambii
651 4841 741 4904 dedit
764 4855 920 4924 perpetuo
938 4841 1168 4924 possidendum
1186 4860 1258 4901 cum
1284 4859 1441 4901 consensu
1459 4839 1534 4899 vici·

271 4967 384 5008 norum
409 4947 628 5029 predictorum
655 4961 686 5009 et
709 4947 882 5030 superinde
907 4947 1013 5008 eidem
1032 4947 1139 5009 Blasio
1164 4945 1262 5028 judici
1288 4958 1334 5008 est
1358 4945 1449 5008 litera
1474 4945 1533 5008 sub

273 5053 426 5137 pendenti
451 5027 566 5137 sigillo'
583 5053 823 5116 communitatis
847 5067 1005 5116 emanata.
