3832 5804
417 537 480 600 218
945 540 1032 598 Anao
1053 539 1147 617 146²·

415 751 555 833 quadam
579 751 671 813 litera
697 763 804 814 nostra
827 763 972 832 tempore
993 748 1152 830 judicatus
1168 749 1322 812 lobannis
1345 747 1401 812 filii
1429 750 1514 812 Petri
1537 748 1673 810 senioris

416 857 530 933 judicis
554 857 653 919 nostri
680 857 720 918 de
744 876 829 919 anno
854 856 1027 918 millesimo
1054 855 1372 939 quadringentesimo
1405 856 1678 939 quinquagesimo

415 983 514 1042 nono,
540 964 570 1026 io
596 964 759 1026 dominica
777 964 889 1026 Letare
914 979 985 1042 etc,
1002 963 1071 1026 viro
1090 963 1227 1046 provido
1252 962 1427 1026 Benedicto
1450 961 1518 1024 filio
1544 961 1677 1044 Georgii

414 1070 503 1152 parvi
536 1069 576 1132 de
601 1069 744 1133 Globolri
769 1070 933 1152 provincie
957 1069 1116 1153 lvanycb,
1151 1083 1185 1132 ut
1208 1069 1271 1152 jam
1303 1089 1389 1132 novo
1413 1069 1539 1132 concivi
1568 1082 1678 1132 nostro

414 1195 472 1259 pro
496 1178 659 1259 sexaginta
684 1191 758 1238 octo
782 1175 851 1240 flor.
877 1175 945 1238 auri
970 1191 1029 1240 etc.
1055 1175 1201 1240 vendidit
1224 1189 1283 1239 etc.

520 1281 619 1357 Quod
643 1283 719 1364 quia
744 1283 898 1366 providus
929 1283 977 1344 vir
1000 1282 1194 1346 Benedictus
1225 1283 1317 1345 aliter
1341 1283 1444 1344 Bensa
1468 1282 1572 1346 dictus
1597 1302 1672 1344 cou-

414 1390 492 1452 civis
516 1403 624 1452 noster
648 1387 734 1452 filius
759 1389 896 1451 condam
922 1389 1078 1452 Demetrii
1102 1390 1243 1472 agricole
1269 1387 1327 1451 filii
1353 1389 1509 1452 lobannis
1531 1390 1678 1451 similiter

413 1495 553 1577 agricole
578 1495 657 1558 olim
682 1495 775 1577 jurati
801 1496 1008 1578 concivisque
1033 1497 1144 1576 nostri,
1169 1497 1263 1558 nobis
1280 1493 1461 1578 significare
1485 1496 1619 1575 curavit,
1643 1510 1678 1560 ut

414 1602 481 1684 ipse
516 1602 624 1664 literas
655 1616 781 1664 nostras
811 1621 907 1685 super
939 1601 1111 1664 medietate
1143 1605 1236 1666 vinee
1268 1621 1324 1664 aue
1355 1601 1514 1664 censualis
1545 1602 1678 1664 ecclesie

414 1723 520 1770 nostre
545 1707 738 1790 parochialis
754 1709 839 1771 beati
866 1709 963 1771 Marci
981 1709 1012 1771 in
1038 1708 1123 1771 dicta
1147 1708 1274 1771 civitate
1297 1707 1443 1788 fundate,
1460 1709 1492 1770 in
1517 1709 1677 1770 territorio

414 1829 525 1878 nostro
549 1817 632 1878 inter
655 1828 686 1878 et
719 1834 818 1897 penes
849 1815 963 1878 silvam
995 1815 1129 1898 provide
1165 1815 1309 1877 mulieris
1341 1814 1542 1895 Margaretba
1567 1827 1677 1877 vocate

413 1921 523 1984 relicte
548 1935 579 1984 et
602 1921 779 1983 liberorum
815 1941 871 1984 seu
903 1941 1124 1984 successorum
1157 1919 1295 1983 condam
1327 1919 1424 1982 Blasii
1449 1920 1529 1982 olim
1562 1919 1675 2002 judicis

412 2026 471 2090 filii
497 2027 588 2090 Pauli
613 2047 649 2090 ac
681 2027 764 2090 inter
795 2027 880 2090 viam
905 2046 1122 2107 communem,
1147 2027 1267 2110 Belyak
1293 2025 1391 2109 vulgo
1416 2026 1588 2109 appellate,
1622 2027 1675 2088 de·

411 2153 547 2218 supera
571 2134 623 2195 via
648 2133 813 2196 communi
838 2147 869 2196 et
894 2133 975 2196 infra
1007 2153 1108 2215 usque
1133 2133 1285 2212 rivulum,
1316 2133 1412 2194 simul
1437 2152 1510 2194 cum
1535 2132 1676 2215 virgulto

412 2239 517 2301 eidem
543 2239 707 2302 medietati
732 2240 825 2302 vinee
857 2242 916 2301 sub
948 2254 978 2302 et
1010 2240 1168 2320 adjacenti
1201 2239 1301 2301 acad
1335 2240 1437 2321 ipsam
1460 2241 1618 2321 spectanti
1642 2259 1675 2301 se

412 2345 623 2423 extendentis,
648 2367 666 2407 a
691 2345 832 2428 quadam
856 2347 908 2407 via
932 2345 1071 2408 curruali
1095 2345 1332 2408 circumvicinis
1362 2346 1590 2409 tantummodo
1616 2345 1675 2428 ipsi

413 2451 588 2514 Benedicto
614 2465 645 2514 et
669 2450 778 2513 Blasio
797 2450 958 2533 lutiligulo
975 2472 1033 2535 pro
1058 2466 1142 2515 meta
1159 2451 1311 2534 deputata
1335 2465 1366 2514 et
1389 2473 1490 2534 usque
1515 2451 1675 2516 ltoucbam

412 2577 510 2639 penes
533 2557 661 2620 easdem
688 2559 875 2620 medietates
900 2559 1042 2622 vineales
1065 2558 1206 2621 habitam
1231 2577 1265 2620 se
1282 2557 1489 2641 protendens,
1514 2559 1573 2641 ipsi
1599 2578 1674 2620 con·

411 2663 486 2724 dam
511 2663 678 2726 Demetrio
702 2663 837 2744 juridice
871 2679 967 2747 atque
999 2665 1173 2728 literatorie
1207 2677 1454 2727 concernentem
1485 2679 1582 2748 prout
1613 2664 1674 2728 hoc

411 2769 442 2831 in
468 2769 608 2851 quadam
632 2769 722 2832 litera
748 2791 804 2833 seu
822 2817 856 2835 ..
880 2787 1026 2854 tempore
1050 2771 1209 2853 judicatus
1232 2771 1360 2854 providi
1385 2771 1523 2833 condam
1547 2771 1607 2834 viri
1625 2771 1674 2834 Ja-

410 2875 483 2938 cobi
509 2876 672 2960 Eberspek
697 2877 773 2940 dicti
809 2876 867 2940 filii
892 2879 991 2941 Vlrici
1026 2877 1141 2962 judicis
1165 2892 1196 2940 et
1227 2877 1369 2940 concivis
1393 2878 1504 2957 nostri,
1528 2877 1561 2940 in
1593 2875 1674 2940 festo

411 2982 494 3043 beati
520 2981 603 3044 Petri
629 2983 768 3044 martiris
792 2984 994 3066 aliquamdiu
1018 2983 1186 3067 preteritis,
1210 3002 1270 3066 pro
1298 2997 1388 3066 parte
1412 2984 1512 3068 ipsius
1537 2983 1675 3046 condam

411 3087 565 3150 Demetrii
590 3088 734 3151 conlecta
759 3103 790 3152 et
807 3105 964 3170 emanata,
981 3087 1103 3173 prefato
1120 3089 1296 3153 Benedicto
1317 3091 1418 3153 literis
1442 3091 1559 3154 nostris
1584 3091 1675 3154 novis

410 3192 671 3257 confirmavimus
695 3209 755 3260 etc.

516 3300 614 3374 Quod
639 3301 714 3382 quia
739 3301 908 3382 religiosus
924 3303 972 3364 vir
996 3301 1092 3365 frater
1114 3304 1272 3366 Martinus
1296 3317 1401 3367 custos
1426 3303 1555 3366 claustri
1572 3303 1672 3366 sancti

411 3405 572 3469 Francisci
597 3407 752 3488 Zagrabie
779 3407 903 3471 fundati
927 3410 958 3470 in
984 3430 1039 3472 sua
1068 3423 1099 3472 et
1122 3411 1226 3474 tocius
1242 3423 1420 3473 conventus
1444 3409 1578 3473 fratrum
1596 3409 1671 3472 dicti

410 3511 537 3574 claustri
563 3515 718 3594 personis,
736 3515 898 3597 quandam
917 3517 1123 3580 medietatem
1141 3518 1308 3581 cuiusdam
1325 3515 1433 3578 fertilis
1449 3517 1508 3578 viri
1534 3515 1670 3580 condam

409 3617 527 3679 nobilis
552 3617 685 3702 Georgii
709 3619 768 3682 filii
786 3622 889 3684 Mauri
911 3623 952 3684 de
969 3622 1130 3702 Clokoch,
1147 3624 1180 3685 in
1197 3643 1313 3707 campo
1337 3637 1368 3686 et
1384 3623 1546 3686 territorio
1564 3638 1673 3686 nostro

408 3743 464 3784 seu
489 3725 625 3788 civitatis
660 3726 782 3809 prefate
817 3747 853 3790 ac
889 3729 971 3790 inter
1004 3727 1115 3791 fenitia
1154 3730 1306 3793 videlicet
1337 3729 1434 3792 aliam
1467 3729 1673 3794 medietatem

409 3829 553 3892 eiusdem
578 3830 685 3894 senilis
709 3833 838 3896 Andree
863 3833 1103 3921 Simwnowych
1126 3849 1157 3898 et
1174 3836 1323 3918 Gregorii
1341 3835 1446 3901 fratris
1470 3837 1616 3900 eiusdem
1633 3839 1672 3899 ab

408 3936 543 4015 oriente,
567 3957 603 3999 ac
628 3939 710 4000 inter
733 3939 821 4001 aliud
854 3937 952 4002 senile
985 3942 1173 4004 eorumdem
1206 3956 1237 4006 et
1261 3943 1393 4005 domine
1424 3943 1531 4026 Draga
1563 3957 1674 4007 vocate

409 4041 516 4104 relicte
541 4042 644 4126 Frych
669 4064 686 4106 a
711 4045 903 4126 meridione,
927 4067 987 4109 nec
1011 4067 1075 4109 non
1101 4049 1183 4111 inter
1214 4046 1312 4112 fenile
1341 4049 1506 4113 Valentini
1531 4049 1590 4112 filii
1614 4051 1673 4112 Mi·

408 4145 527 4208 chaelis
550 4149 687 4210 senioris
709 4149 824 4230 judicis
848 4153 888 4214 ab
912 4153 1079 4216 occidente
1112 4175 1148 4217 ac
1173 4155 1256 4218 iuter
1286 4157 1450 4238 quandam
1475 4157 1562 4218 viam
1586 4175 1672 4219 com·

408 4271 539 4314 munem
564 4255 772 4336 existentem,
804 4257 908 4340 ipsum
942 4259 1119 4342 Georgium
1160 4263 1339 4346 emptionis
1369 4263 1466 4325 titulo
1498 4263 1673 4326 literatorie

407 4375 665 4440 concernentem,
690 4377 786 4444 prout
809 4365 921 4428 hocin
945 4367 1085 4448 quadam
1110 4368 1202 4431 litera
1219 4369 1462 4432 communitatis
1478 4369 1672 4452 privilegiali

406 4461 565 4542 judicatus
589 4466 732 4530 Conradi
759 4471 890 4533 Rawsar
913 4471 971 4534 filii
997 4474 1109 4553 Vlrici,
1126 4474 1242 4554 judicis
1264 4476 1413 4556 senioris,
1438 4477 1478 4538 de
1502 4496 1589 4538 anuo
1608 4477 1670 4539 Do·

408 4569 487 4630 mini
504 4572 677 4636 millesimo
695 4576 1015 4658 quadringentesimo
1032 4581 1303 4664 quinquagesimo
1321 4584 1420 4646 tercio
1438 4583 1471 4646 in
1489 4581 1572 4646 festo
1589 4583 1671 4647 beati

408 4673 552 4738 Barnabe
576 4681 713 4760 apostoli
738 4681 862 4744 dudum
888 4687 1056 4768 preteritis,
1080 4707 1139 4770 pro
1163 4703 1253 4770 parte
1277 4689 1377 4771 ipsius
1402 4688 1538 4771 Georgii
1562 4709 1671 4774 super·

408 4776 481 4838 inde
506 4781 649 4845 conlecta
675 4800 745 4862 etc,
770 4788 899 4851 Thome
923 4792 1036 4854 sartori
1062 4791 1128 4855 filio
1161 4794 1300 4856 condam
1326 4795 1488 4858 Francisci
1513 4795 1670 4859 inhabita·

407 4884 468 4944 tori
493 4884 574 4946 dicte
599 4889 734 4952 civitatis
758 4907 788 4954 et
812 4895 877 4956 suis
901 4896 1074 4960 heredibus
1098 4919 1156 4981 pro
1190 4900 1334 4982 quodam
1363 4901 1429 4964 alio
1454 4901 1546 4966 leniti
1571 4903 1671 4988 ipsius

409 4986 535 5052 Thome
567 4995 695 5056 sartoris
726 4998 757 5059 in
789 5001 950 5063 territorio
984 5005 1120 5068 civitatis
1152 5007 1214 5068 vici
1248 5009 1439 5071 Latinorum
1472 5011 1584 5074 habito
1617 5031 1671 5095 per

408 5093 542 5158 modum
567 5104 746 5164 concambii
773 5119 803 5166 et
826 5110 1076 5188 permutationis
1108 5112 1198 5176 dedit
1221 5129 1252 5176 et
1276 5115 1415 5180 contulit
1438 5129 1499 5180 etc.
