3854 5798
258 784 332 846 dicti
359 785 462 847 mariti
486 786 535 847 sui
568 785 728 867 legittimi,
760 787 857 848 simul
887 807 960 848 cum
994 788 1133 869 virgulto
1167 787 1270 849 eidem
1297 787 1388 849 vinee
1414 788 1519 870 subja·

257 891 341 954 centi
366 905 477 954 nostro
502 894 534 954 in
558 893 720 955 territorio
745 913 801 954 seu
827 893 963 955 civitatis
987 891 1109 975 prefate
1138 893 1220 955 inter
1243 894 1353 954 vineas
1377 895 1522 956 virorum

257 999 467 1082 providorum
494 1000 648 1063 Demetrii
673 1001 803 1062 sartoris
828 1021 844 1060 a
870 1000 1050 1062 meridione
1080 1021 1116 1062 ac
1141 1000 1288 1083 Dyonisii
1315 1001 1479 1084 Wodopia
1505 1022 1521 1062 a

256 1106 495 1188 septemtrione,
520 1107 701 1168 concivium
734 1120 928 1185 nostrorum,
964 1126 1020 1189 per
1053 1121 1171 1168 metam
1202 1107 1368 1170 cuiusdam
1392 1108 1520 1170 arboris

257 1214 358 1274 cerusi
384 1233 476 1276 cruce
501 1215 623 1296 signata
648 1234 707 1296 pro
734 1229 817 1276 meta
835 1213 987 1296 deputate
1012 1227 1097 1276 recte
1115 1228 1178 1275 tam
1197 1234 1292 1296 supra
1318 1235 1415 1296 quam
1441 1214 1521 1278 inira

257 1319 296 1380 ab
322 1319 434 1381 eadem
459 1321 572 1382 arbore
598 1321 701 1383 cerusi
725 1340 818 1382 cruce
835 1339 893 1403 pro
918 1334 1003 1382 meta
1023 1335 1056 1382 ut
1081 1320 1255 1402 predicitur
1280 1321 1431 1404 deputata
1449 1341 1521 1404 pro·

257 1425 401 1487 cedendo
425 1426 531 1504 sitam,
555 1425 699 1488 habitam
724 1441 754 1488 et
779 1427 980 1505 existentem,
1014 1427 1152 1509 desuper
1183 1449 1198 1488 a
1225 1429 1275 1489 via
1300 1429 1466 1490 communi
1492 1441 1523 1492 et

257 1551 358 1614 usque
382 1531 464 1595 infra
488 1534 640 1611 rivulum,
665 1533 761 1596 simul
786 1552 858 1595 cum
891 1533 1031 1615 virgulto
1063 1535 1124 1594 sibi
1157 1533 1331 1615 subjacenti
1357 1555 1389 1596 se
1414 1549 1521 1596 exten-

257 1638 397 1719 dentem,
423 1640 527 1722 ipsum
554 1641 683 1702 Petrum
709 1642 790 1703 Pero
824 1641 946 1702 dictum
970 1641 1050 1702 olim
1085 1641 1235 1702 maritum
1262 1642 1361 1724 ipsius
1385 1645 1478 1703 Anne
1504 1663 1521 1703 a

257 1745 394 1826 provido
418 1747 487 1808 viro
513 1745 632 1808 Mathia
657 1747 775 1808 Farkas
800 1747 867 1809 filio
894 1747 1002 1828 Egidii
1027 1748 1067 1808 de
1085 1746 1234 1808 Klolcoch
1258 1747 1337 1809 olim
1362 1747 1465 1828 jurato
1490 1763 1521 1810 et

256 1851 388 1914 concive
418 1867 526 1914 nostro
561 1853 739 1936 emptionis
763 1854 857 1916 titulo
889 1853 1064 1916 literatorie
1097 1867 1345 1916 concernentem
1370 1867 1428 1917 etc.
1454 1859 1519 1916 An·

256 1957 370 2020 thonio
395 1957 602 2022 inhabitatori
627 1959 710 2022 dicte
735 1960 871 2022 civitatis
895 1959 962 2022 filio
985 1961 1069 2022 lvan
1094 1959 1169 2021 dicti
1197 1959 1417 2044 Scrobothych
1442 1981 1517 2024 con·

258 2063 336 2126 civis
360 2065 459 2126 nostri
484 2086 520 2127 ac
544 2085 600 2148 per
625 2085 698 2128 eum
724 2067 789 2128 suis
812 2065 984 2128 heredibus
1001 2087 1059 2149 pro
1083 2066 1255 2129 duodecim
1280 2068 1394 2129 marcis
1418 2068 1514 2129 dena-

258 2171 378 2232 riorum
403 2171 637 2234 viennensium
662 2193 719 2254 per
743 2175 882 2235 eundem
901 2172 1006 2234 eidem
1032 2177 1124 2234 Anne
1148 2174 1275 2235 mulieri
1301 2173 1394 2256 plene
1411 2194 1518 2257 perso·

256 2276 330 2338 lutis
362 2291 420 2338 etc.

362 2383 460 2458 Quod
485 2385 533 2446 vir
556 2385 710 2466 providus
735 2400 766 2448 et
782 2384 935 2448 honestus
958 2385 1104 2447 Andreas
1121 2386 1262 2467 agricola
1287 2385 1372 2448 filius
1390 2388 1518 2450 Martini

257 2489 399 2573 Werych
423 2491 499 2553 dicti
525 2492 565 2552 de
590 2491 785 2553 Zthonewcz
804 2505 874 2569 etc,
899 2505 933 2553 ut
949 2492 1016 2573 ipse
1034 2493 1196 2573 quandam
1222 2494 1409 2574 porcionem
1427 2513 1517 2556 suam

256 2595 415 2659 vinealem
440 2598 607 2660 cuiusdam
633 2599 726 2660 vinee
744 2597 977 2660 condicionalis
1000 2599 1031 2659 in
1049 2597 1211 2660 territorio
1236 2613 1345 2660 nostro
1369 2618 1425 2661 seu
1443 2600 1518 2661 civi·

255 2703 327 2764 tatis
352 2702 472 2786 prefate
498 2705 580 2766 inter
612 2719 643 2767 et
672 2725 770 2788 penes
801 2704 897 2766 aliam
930 2706 1057 2766 vineam
1091 2705 1190 2787 ipsius
1224 2705 1351 2766 Andree
1376 2705 1517 2787 agricole

256 2808 524 2889 condicionalem,
549 2811 589 2872 ab
607 2831 668 2872 una
686 2811 837 2872 videlicet
862 2809 1100 2872 ameridionali
1118 2823 1217 2892 parte,
1244 2825 1275 2872 et
1299 2811 1381 2873 inter
1405 2813 1519 2874 silvam

256 2914 316 2976 viri
340 2917 467 2998 providi
486 2917 631 2980 Bnrnabe
648 2917 788 2999 agricole
806 2915 863 2978 filii
890 2917 980 2978 Pauli
1006 2916 1045 2978 de
1064 2917 1233 2997 Rakonok,
1258 2918 1298 2978 ab
1316 2918 1414 2979 altera
1432 2919 1520 2980 vide-

256 3021 332 3084 licet
355 3043 371 3084 a
397 3023 652 3106 septemtrionali
685 3037 772 3106 parte
807 3022 947 3084 habitam
973 3037 1004 3084 et
1035 3023 1234 3101 existentem,
1267 3023 1403 3106 desuper
1427 3045 1444 3085 a
1469 3026 1521 3086 via

255 3129 420 3190 communi
447 3144 478 3192 et
501 3129 583 3192 infra
608 3150 708 3212 usque
734 3130 886 3208 rivulum,
911 3149 984 3190 cum
1002 3143 1085 3191 terra
1110 3130 1216 3190 eidem
1239 3130 1330 3190 vinee
1356 3131 1519 3193 condicio·

256 3234 320 3296 nali
345 3235 523 3317 subjacenti
548 3258 581 3298 se
598 3238 834 3314 extendentem,
853 3238 956 3318 ipsum
974 3235 1145 3298 Nicolaum
1164 3237 1338 3317 agricolam
1361 3239 1400 3298 ab
1418 3237 1519 3300 hono-

258 3342 351 3403 rabili
395 3344 464 3405 viro
504 3345 639 3406 domino
671 3345 807 3406 Nicolao
839 3344 978 3425 plebano
1018 3343 1151 3405 ecclesie
1183 3357 1288 3405 nostre
1328 3344 1520 3425 parochialis

256 3451 354 3511 sancti
380 3451 481 3512 Marci
506 3451 710 3532 ewangeliste
744 3466 802 3514 etc.
836 3450 1025 3512 donacionis
1057 3450 1152 3511 titulo
1185 3450 1358 3511 literatorie
1391 3470 1519 3513 concer-

257 3569 397 3636 nentem,
422 3578 493 3619 curn
526 3559 678 3620 omnibus
713 3557 857 3618 eiusdem
890 3558 983 3618 vinee
1015 3555 1232 3638 (utilitatibus)
1265 3571 1295 3618 et
1327 3557 1519 3618 condicione

257 3660 466 3746 infrascripta,
493 3663 635 3744 Georgio
660 3665 752 3726 aliter
771 3663 880 3725 Guralc
901 3663 987 3725 dicto
1005 3661 1092 3723 fratri
1110 3662 1261 3724 videlicet
1285 3663 1403 3724 carnali
1421 3663 1520 3746 ipsius

257 3769 386 3832 Andree
410 3790 468 3853 pro
493 3769 650 3833 famulatu
676 3785 707 3832 et
731 3769 866 3832 servicio
898 3770 996 3831 trium
1023 3788 1181 3830 annorum
1215 3769 1275 3830 sibi
1300 3769 1518 3852 impensorum

256 3887 286 3934 et
309 3894 365 3956 per
390 3895 463 3937 eum
488 3877 553 3938 suis
575 3877 748 3939 heredibus
772 3877 923 3955 dedisset,
948 3875 1097 3938 donasset
1122 3889 1152 3938 et
1176 3876 1377 3958 propinasset
1403 3877 1443 3938 ita
1469 3890 1515 3938 ta·

255 3999 342 4060 men,
365 3983 452 4064 quod
477 3985 543 4068 ipse
569 3983 730 4066 Georgius
754 3984 846 4045 aliter
871 3981 983 4044 Gurko
1008 3983 1112 4044 dictus
1140 3983 1178 4042 de
1204 3982 1316 4044 eadem
1341 3984 1433 4044 vinea
1459 4003 1515 4044 seu

254 4089 407 4168 porcione
432 4091 549 4152 vineali
574 4106 636 4153 tres
660 4092 796 4152 cubulos
822 4091 915 4152 musti
950 4110 1006 4152 seu
1031 4090 1097 4152 vini
1131 4090 1263 4151 ecclesie
1288 4091 1388 4151 sancti
1418 4090 1517 4152 Marci

256 4207 287 4256 et
310 4215 367 4278 per
390 4216 592 4279 consequens
619 4199 791 4279 (plebanis)
816 4197 890 4258 dare
920 4198 1115 4259 tenebuntur
1140 4211 1170 4257 et
1194 4209 1287 4258 erunt
1313 4197 1458 4276 obligati.

362 4302 460 4376 Quod
485 4305 532 4365 vir
548 4304 702 4386 providus
726 4319 757 4366 et
787 4304 942 4367 honestus
960 4302 1120 4385 Georgius
1145 4304 1244 4364 cliens
1269 4301 1353 4365 filius
1377 4303 1514 4364 condam

254 4407 410 4470 Anthonii
437 4410 512 4473 dicti
531 4411 662 4494 Dragyn
687 4413 795 4473 senior
811 4412 932 4494 juratus
956 4426 986 4472 et
1003 4411 1145 4472 concivis
1169 4411 1201 4471 in
1219 4431 1275 4472 sua
1300 4425 1331 4472 et
1347 4411 1516 4472 Laurencii

254 4512 370 4575 literati
395 4513 452 4576 filii
477 4517 525 4577 sui
544 4518 688 4598 personis
705 4537 787 4578 onus
806 4531 835 4578 et
852 4537 1026 4598 gravamen
1052 4531 1109 4578 etc.
1130 4517 1159 4577 in
1178 4536 1210 4577 se
1235 4515 1428 4577 assumendo
1447 4531 1517 4592 etc,

255 4632 290 4680 ut
313 4621 380 4702 ipse
406 4623 568 4704 quandam
602 4623 736 4685 domum
769 4643 858 4685 suam
892 4623 1032 4704 ligneam
1065 4637 1129 4684 tam
1162 4643 1252 4684 suam
1282 4643 1378 4703 quarn
1404 4621 1517 4704 prefati

255 4725 425 4789 Laurencii
450 4729 567 4790 literati
593 4729 649 4791 lilii
679 4731 738 4808 sui,
772 4729 867 4790 simul
901 4749 974 4792 cum
1007 4729 1108 4791 fundo
1133 4743 1163 4790 et
1197 4728 1352 4790 hedificiis
1377 4729 1408 4789 in
1434 4729 1516 4790 dicta

255 4833 380 4896 civitate
405 4835 486 4896 inter
510 4837 644 4898 domum
668 4838 788 4898 scilicet
813 4837 953 4917 ligneam
979 4851 1009 4898 et
1034 4835 1168 4896 fundum
1197 4837 1338 4896 virorum
1364 4833 1515 4914 provido-

254 4958 325 5001 rum
358 4941 496 5004 Emerici
529 4941 696 5025 lreniparis
729 4959 759 5005 et
791 4944 919 5004 Thome
952 4943 1099 5004 similiter
1131 4941 1298 5024 freniparis
1333 4954 1515 5002 nostrorum

256 5046 403 5110 similiter
428 5050 623 5130 concivium,
648 5071 665 5111 a
691 5049 893 5112 meridionali
922 5063 1022 5132 parte,
1055 5070 1072 5110 a
1096 5047 1350 5131 septemtrionali
1374 5045 1461 5130 juxta
1486 5060 1517 5109 et
