3854 5798
814 560 1020 643 Ann01466.
1489 584 1548 646 255

286 777 319 839 in
343 797 376 839 se
401 779 635 860 continentem,
652 799 711 862 pro
728 778 874 860 quinque
888 778 995 860 pensis
1011 777 1217 839 denariorum
1237 777 1433 841 vendidisset
1450 779 1550 842 immo

285 883 433 946 vendidit
456 883 525 966 jure
548 899 706 969 perpetuo
732 899 763 947 et
787 884 1040 946 irrevocabiliter
1064 883 1304 967 possidendam.

392 990 490 1065 Quod
515 992 590 1074 quia
615 993 663 1054 vir
687 991 841 1075 providus
858 1005 889 1053 et
912 991 1066 1052 honestus
1098 989 1249 1054 Clemens
1282 991 1409 1054 Keczka
1434 992 1548 1072 dictus,

286 1097 427 1160 concivis
451 1112 571 1178 noster,
594 1118 631 1160 ac
664 1098 799 1181 provida
832 1097 948 1159 mulier
981 1097 1080 1158 Lucia
1112 1109 1243 1176 vocata,
1275 1097 1415 1180 primurn
1441 1098 1550 1160 relicta

287 1203 436 1286 Gregorii
461 1205 601 1286 agricole
625 1205 705 1266 olim
737 1203 904 1266 familiaris
937 1204 1075 1266 condam
1100 1203 1257 1266 Anthonii
1289 1203 1347 1266 filii
1372 1203 1551 1267 Clementis

286 1310 534 1395 Chesnylroych,
559 1326 590 1375 et
613 1312 744 1374 tandem
767 1311 946 1374 Clementis
970 1311 1110 1393 agricole
1129 1309 1294 1372 Bwhvveth
1318 1311 1411 1390 dicti,
1436 1331 1550 1374 execu-

285 1430 370 1479 tores
394 1417 537 1480 eiusdem
563 1419 700 1481 condam
727 1417 876 1499 Gregorii
902 1417 1043 1499 agricole
1073 1416 1289 1479 vendiderunt
1314 1417 1478 1499 quandam
1504 1419 1549 1479 vi-

285 1543 378 1586 neam
403 1523 516 1607 prefati
542 1524 679 1586 condam
706 1524 855 1606 Gregorii
889 1525 971 1586 inter
1000 1525 1110 1586 vineas
1134 1543 1172 1585 ex
1204 1537 1339 1605 utraque
1363 1537 1452 1606 parte
1476 1544 1550 1607 pro·

284 1629 350 1691 vidi
383 1629 443 1692 viri
469 1631 566 1693 Blasii
598 1628 798 1714 Wythesych
832 1629 908 1692 dicti
938 1630 1044 1693 eidem
1076 1629 1184 1691 Blasio
1216 1628 1405 1713 Withesych
1431 1643 1462 1692 et
1484 1631 1550 1692 suis

284 1735 455 1798 heredibus
479 1757 538 1820 pro
563 1757 679 1799 novem
705 1735 774 1801 flor.
799 1737 868 1798 auri
893 1737 1113 1798 vendidissent
1139 1735 1209 1817 jure
1233 1749 1389 1818 perpetuo
1414 1749 1445 1797 et
1469 1736 1546 1798 irre·

284 1843 473 1905 vocabiliter
496 1842 725 1926 possidendam
750 1855 782 1905 et
809 1843 896 1924 juxta
929 1842 1154 1904 condicionem
1179 1841 1264 1902 dicte
1298 1841 1435 1904 civitatis
1468 1861 1549 1924 quo·

284 1949 526 2032 modocumque
550 1949 689 2012 voluerit
713 1948 960 2032 disponendam.

395 2055 493 2130 Quod
518 2056 593 2139 quia
619 2076 677 2118 nos
700 2055 787 2140 juxta
804 2055 1017 2118 literatorium
1039 2054 1231 2117 serenissimi
1257 2055 1411 2138 principis
1435 2069 1465 2118 et
1490 2055 1547 2118 do·

285 2163 376 2244 mini,
400 2163 525 2225 domini
550 2162 670 2225 Mathie
693 2163 745 2224 dei
774 2163 881 2245 gracia
916 2162 1093 2244 Hungarie,
1126 2161 1303 2240 Dalmacie,
1328 2161 1462 2224 Croacie
1487 2177 1546 2226 etc.

285 2269 379 2352 regis,
404 2269 529 2332 domini
554 2269 719 2348 naturalis,
751 2269 845 2331 nobis
879 2269 1058 2350 injunctum
1091 2267 1281 2330 mandatum
1306 2268 1338 2329 in
1364 2265 1447 2330 facto
1471 2287 1548 2350 qua·

284 2375 432 2437 rumdam
457 2376 641 2454 domorum,
665 2395 724 2437 nec
748 2394 813 2436 non
839 2373 930 2436 fundi
953 2387 984 2437 et
1017 2372 1241 2436 hedificiorum
1267 2374 1479 2456 providorum
1503 2374 1549 2436 vi·

286 2501 394 2543 rorum
421 2481 567 2565 Dyonisii
592 2480 649 2543 filii
676 2481 774 2543 Marci
792 2481 832 2543 de
852 2481 959 2542 Eeked
979 2494 1010 2543 et
1026 2479 1117 2542 Pauli
1135 2478 1192 2542 filii
1218 2479 1373 2563 Stephani
1398 2479 1436 2541 de
1455 2480 1548 2542 Jonw

284 2586 520 2650 aurifabrorum
553 2601 584 2650 et
616 2588 800 2650 concivium
832 2603 1027 2667 nostrorum,
1062 2587 1095 2648 in
1128 2586 1212 2648 dicta
1244 2587 1371 2649 civitate
1404 2607 1441 2649 ac
1466 2587 1548 2649 inter

284 2695 408 2774 domos,
434 2693 551 2757 fundos
575 2709 606 2756 et
629 2693 777 2756 hedificia
802 2695 842 2756 ab
866 2714 930 2755 una
959 2693 1109 2756 videlicet
1132 2714 1148 2755 a
1173 2694 1427 2776 septemtrionali
1453 2709 1541 2776 parte

284 2801 410 2883 providi
429 2801 571 2882 magistri
589 2798 759 2863 Cristofori
776 2801 934 2862 sellatoris
958 2819 1016 2862 nec
1033 2818 1099 2861 non
1116 2799 1198 2862 inter
1221 2798 1347 2879 domos,
1372 2798 1490 2862 fundos
1514 2812 1545 2862 et

282 2905 429 2969 hedificia
453 2925 673 2969 successorum
698 2919 729 2968 et
753 2906 929 2969 liberorum
954 2906 1072 2968 nobilis
1097 2906 1155 2968 viri
1181 2906 1281 2968 Marci
1305 2905 1362 2968 filii
1388 2906 1544 2968 lobannis

283 3012 322 3074 de
348 3011 469 3075 Chawa
493 3012 733 3075 ameridionali
750 3027 849 3096 parte,
870 3028 1053 3075 nostrorum
1070 3012 1217 3074 similiter
1246 3011 1429 3074 concivium
1454 3011 1544 3074 ltabi·

281 3133 386 3181 terum
410 3133 442 3181 et
465 3119 686 3198 existencium,
718 3138 816 3181 unam
841 3138 915 3182 cum
947 3119 1054 3181 media
1087 3120 1208 3181 curiam
1233 3119 1265 3180 in
1290 3133 1359 3181 toto
1384 3119 1424 3180 ad
1449 3138 1543 3181 usum

283 3225 365 3287 dicte
390 3225 528 3288 civitatis
554 3226 586 3286 in
612 3245 644 3288 se
669 3226 882 3305 continentes,
916 3227 1003 3308 ipsos
1028 3225 1221 3309 Dyonisium
1246 3240 1277 3286 et
1301 3225 1439 3286 Paulum
1463 3225 1548 3286 auri·

282 3330 390 3394 fabros
414 3353 432 3394 a
455 3333 525 3394 viro
550 3332 687 3394 condam
719 3333 857 3414 provido
891 3332 1074 3414 Augustino
1098 3331 1185 3393 dicto
1221 3333 1330 3393 Kusne
1363 3330 1430 3393 filio
1457 3331 1548 3392 Pauli

284 3439 362 3502 olim
387 3438 501 3522 jurato,
527 3439 658 3501 concive
684 3453 806 3516 nostro,
838 3459 873 3500 ac
905 3439 1042 3500 condam
1076 3439 1179 3520 probo
1211 3451 1242 3500 et
1266 3439 1402 3500 honesto
1426 3437 1542 3519 juvene

287 3546 474 3626 benedictO,
499 3547 602 3608 Bensa
635 3545 732 3624 dicto,
771 3545 838 3608 filio
869 3546 927 3606 viri
961 3545 1099 3607 condam
1131 3545 1257 3627 providi
1282 3559 1313 3607 et
1337 3544 1462 3607 honesti
1488 3545 1548 3606 Mi-

287 3651 405 3714 chaelis
429 3652 507 3714 olim
533 3651 649 3734 judicis
674 3659 706 3715 et
727 3652 869 3714 concivis
893 3652 993 3715 nostri
1019 3631 1076 3712 filii
1095 3651 1273 3714 Sebastiani
1299 3651 1376 3713 olim
1402 3651 1548 3712 similiter

286 3759 418 3821 concive
443 3772 563 3839 nostro,
587 3759 815 3822 commissariis
836 3778 913 3821 vero
938 3772 968 3819 et
984 3759 1209 3820 executoribus
1234 3757 1338 3820 ultimi
1363 3759 1545 3820 testamenti

285 3867 378 3948 probi
403 3866 540 3928 condam
566 3881 596 3928 et
621 3865 746 3928 honesti
770 3865 896 3948 juvenis
921 3864 1078 3928 Johannis
1095 3865 1174 3926 olim
1199 3865 1341 3926 concivis
1365 3865 1464 3926 nostri
1489 3862 1547 3926 filii

286 3973 423 4034 condam
448 3973 614 4035 Jacomelli
642 3973 748 4034 Latini
773 3973 852 4034 olim
885 3971 979 4054 jurati
1005 3986 1035 4036 et
1070 3972 1213 4034 concivis
1246 3971 1344 4033 nostri
1370 3971 1547 4053 empcionis

285 4078 379 4140 titulo
402 4078 576 4140 literatorie
601 4093 858 4156 concernentem,
883 4091 979 4161 prout
1010 4077 1071 4142 hoc
1096 4079 1128 4140 in
1154 4076 1293 4160 quadam
1318 4077 1409 4139 litera
1435 4090 1542 4139 nostra

285 4205 341 4246 scu
367 4185 503 4247 civitatis
527 4184 648 4268 prefate
673 4185 866 4268 privilegiali
883 4198 1029 4267 tempore
1046 4185 1204 4268 judicatus
1221 4183 1281 4245 viri
1305 4183 1443 4246 condam
1469 4203 1546 4266 pro·

284 4291 350 4352 vidi
376 4305 407 4353 et
431 4291 558 4354 honesti
583 4292 708 4353 Nicolai
733 4291 812 4353 olim
837 4292 972 4354 senioris
1000 4289 1115 4374 judicis
1140 4305 1171 4355 et
1196 4291 1337 4353 concivis
1361 4291 1460 4352 nostri
1486 4289 1543 4354 filii

285 4398 368 4459 Petri
394 4398 434 4460 dc
459 4417 544 4460 anno
575 4398 706 4460 Domini
739 4397 913 4460 millesimo
946 4397 1265 4480 quadringentesimo
1299 4396 1547 4479 quadragesimo

283 4505 395 4583 tercio,
429 4502 506 4566 feria
538 4519 649 4586 quarta
682 4505 827 4587 proxima
858 4517 931 4587 post
963 4503 1079 4567 festum
1113 4504 1377 4567 circumcisionis
1411 4503 1547 4568 Domini

284 4611 485 4693 aliquamdiu
509 4613 679 4694 preteritis,
704 4631 762 4694 pro
787 4625 874 4694 parte
901 4611 1090 4673 eorumdem
1120 4610 1267 4696 Dyonisii
1292 4625 1323 4672 et
1348 4611 1437 4672 Pauli
1464 4611 1546 4672 auri-

284 4717 447 4780 fabrorum
472 4718 644 4801 superinde
669 4717 813 4780 confecta
838 4732 868 4779 et
893 4731 1040 4780 emanata
1064 4737 1100 4779 ac
1132 4737 1241 4779 coram
1266 4717 1360 4778 nobis
1385 4717 1417 4778 in
1441 4718 1547 4800 specie

284 4824 500 4886 demonstrata
532 4823 594 4886 fide
634 4825 790 4886 contineri
823 4825 962 4886 vidimus
994 4824 1139 4902 oculata;
1173 4824 1387 4906 quasquidem
1421 4823 1546 4903 domos,

283 4927 401 4993 fundos
425 4944 456 4992 et
479 4929 625 4993 hedificia
651 4931 840 4994 eorumdem
858 4930 1005 5016 Dyonisii
1030 4943 1061 4992 et
1078 4931 1170 4992 Pauli
1187 4930 1423 4992 aurifabrorum
1448 4949 1545 4992 unam

284 5051 315 5100 ct
339 5037 479 5100 mediam
498 5037 620 5100 curiam
638 5038 669 5100 in
687 5057 720 5100 se
734 5037 946 5118 continentes,
960 5036 1097 5099 condam
1112 5037 1239 5100 Vlricus
1256 5056 1364 5098 comcs
1378 5036 1462 5100 Cilie
1476 5050 1547 5117 etc,
