3832 5804
946 549 1033 606 Anno
1057 561 1147 625 1452·

1078 655 1434 665 ——-——...-.—.-
1444 658 1612 665 ——
1619 657 1678 665 —n-n

522 783 603 854 ltem
634 785 665 854 in
696 784 780 856 lesto
810 783 1064 856 Purificacionis
1097 789 1241 876 virginis
1271 786 1415 876 gloriose
1446 787 1557 860 llarie.

936 941 979 1012 (2.
997 940 1172 1014 februarii).

521 1077 598 1140 ltem
624 1078 829 1142 honorabiles
852 1079 911 1140 viri
933 1079 1085 1141 dominus
1113 1080 1251 1142 Michael
1284 1079 1323 1142 de
1350 1080 1535 1142 Morowcha
1559 1101 1595 1141 ac
1620 1081 1678 1142 do·

416 1185 523 1246 minus
548 1185 671 1246 blasius
697 1186 737 1247 de
761 1187 879 1248 Nemes
903 1187 1048 1248 canonici
1079 1187 1211 1250 ecclesie
1230 1187 1446 1267 zagrabiensis
1470 1207 1507 1248 ac
1530 1187 1680 1269 egregius

414 1290 462 1350 vir
486 1291 637 1352 dominus
662 1291 823 1354 Seboldus
847 1292 1031 1374 capitaneus
1063 1307 1171 1354 noster
1203 1293 1376 1355 modernus
1408 1293 1620 1356 commissarii
1647 1307 1679 1355 et

415 1411 600 1458 executores
634 1397 737 1458 ultimi
770 1398 951 1460 testamenti
985 1399 1043 1459 viri
1076 1399 1212 1460 condam
1247 1399 1446 1468 honorabilis
1477 1399 1600 1460 domini
1625 1400 1679 1460 Jo-

414 1502 527 1564 hannis
552 1504 692 1565 doctoris
716 1517 747 1565 et
771 1505 917 1566 canonici
947 1505 1079 1567 ecclesie
1115 1506 1342 1587 zagrabiensis,
1374 1506 1537 1588 quandam
1561 1521 1678 1568 terram

414 1609 567 1672 arabilem
592 1625 656 1672 tam
674 1611 831 1674 desertam
850 1631 947 1693 quam
972 1612 1147 1694 spinosam,
1167 1613 1303 1674 Barbare
1320 1627 1432 1675 vocate
1450 1611 1515 1675 filie
1539 1613 1678 1675 condam

415 1717 537 1799 Gaspar
560 1718 675 1780 literati
701 1738 785 1780 nunc
809 1719 917 1781 uxoris
941 1719 1096 1800 legittime
1123 1718 1255 1801 Georgii
1288 1719 1402 1782 Croaci
1427 1719 1503 1781 dicti
1527 1720 1675 1802 Jurycza,

411 1839 441 1884 et
466 1823 551 1886 Galli
576 1823 632 1886 filii
657 1825 794 1886 condam
822 1825 995 1888 Katherine
1021 1825 1165 1887 mulieris
1189 1824 1253 1887 filie
1271 1826 1370 1908 ipsius
1394 1825 1532 1887 condam
1551 1823 1676 1906 Gaspar

410 1930 536 2010 literati,
561 1951 597 1992 ac
622 1931 756 2014 provide
790 1931 935 1992 mulieris
967 1932 1140 1993 Katherine
1173 1933 1264 1993 aliter
1298 1931 1459 2014 Werycza
1492 1946 1615 2009 vocate,
1641 1932 1673 1992 in

413 2055 528 2118 campo
552 2037 687 2098 civitatis
719 2037 805 2118 juxta
838 2051 934 2119 caput
966 2037 1064 2098 fluvii
1099 2038 1252 2120 Zatvycza
1285 2038 1361 2099 dicti
1395 2038 1549 2118 habitam,
1573 2057 1610 2099 ex
1636 2057 1675 2099 eo

413 2142 487 2224 quia
512 2143 572 2224 ipsi
597 2142 730 2206 heredes
753 2143 829 2206 dicti
855 2142 979 2224 Gaspar
1003 2144 1119 2204 literati
1144 2144 1279 2205 eandem
1303 2158 1421 2206 terram
1445 2144 1599 2205 arabilem
1618 2144 1674 2205 de·

411 2263 526 2310 sertam
541 2263 571 2310 et
584 2249 745 2332 spinosam
761 2270 777 2311 a
791 2248 915 2332 prefato
940 2249 1074 2311 domino
1092 2249 1222 2312 doctore
1241 2250 1387 2312 iohanne
1401 2251 1463 2312 vita
1477 2251 1538 2312 sibi
1556 2251 1675 2312 comite

411 2375 472 2416 nee
487 2369 557 2438 post
571 2369 706 2418 mortem
721 2356 820 2438 ipsius
837 2355 995 2418 redimere
1011 2355 1184 2436 noluerint,
1201 2375 1259 2438 pro
1284 2357 1397 2436 viginti
1422 2355 1490 2418 flor.
1503 2357 1677 2419 Valentino

409 2460 503 2540 judici
523 2459 589 2523 filio
614 2461 779 2524 Michaelis
804 2461 968 2544 Saronych
982 2461 1197 2524 vendiderunt
1220 2478 1375 2545 perpetuo
1388 2463 1616 2545 possidendam
1639 2479 1670 2525 et

408 2557 580 2649 superirlde
612 2583 659 2630 est
699 2567 788 2630 litera
821 2570 880 2629 sub
911 2567 1065 2651 pendenti
1105 2569 1212 2650 sigillo
1244 2569 1483 2630 communitatis
1516 2584 1674 2632 emanata.

515 2673 591 2735 ltem
617 2673 757 2756 quedam
783 2675 911 2736 vineola
936 2675 967 2734 in
992 2675 1153 2736 territorio
1185 2676 1321 2738 civitatis
1353 2676 1434 2737 inter
1467 2675 1593 2737 vineam
1620 2676 1676 2738 Se-

410 2780 544 2842 bastiani
569 2781 709 2862 agricole
734 2780 790 2842 lilii
818 2780 971 2862 Stephani
998 2780 1036 2840 de
1063 2780 1166 2860 blato,
1191 2801 1227 2842 ac
1252 2783 1333 2844 inter
1357 2782 1442 2842 viam
1467 2801 1674 2843 communem

409 2885 528 2964 habita,
554 2905 649 2968 quarn
675 2907 695 2950 a
719 2886 893 2949 Salomone
920 2887 1022 2948 Judeo
1046 2884 1113 2948 filio
1139 2887 1243 2970 Moysi
1269 2908 1327 2970 pro
1353 2901 1436 2950 certa
1461 2888 1672 2971 pecuniarum

409 2991 586 3072 quantitate
612 2993 811 3075 comparavit
836 2991 999 3054 lohannes
1022 3007 1124 3054 sartor
1147 3013 1247 3075 gener
1271 2993 1467 3076 Wenthych,
1492 2995 1597 3056 eidem
1623 2996 1676 3057 Jo-

408 3098 505 3160 hanni
530 3099 643 3162 sartori
668 3115 715 3162 est
739 3100 830 3162 litera
863 3099 1071 3182 privilegialis
1094 3101 1153 3161 sub
1182 3101 1334 3184 pendenti
1359 3101 1467 3182 sigillo
1492 3104 1670 3165 communi·

407 3205 480 3266 tatis
505 3219 661 3268 emanata.

513 3312 591 3374 Item
617 3312 756 3394 quedam
782 3313 876 3374 vinea
900 3313 996 3375 simul
1020 3333 1091 3376 cum
1126 3312 1244 3396 (h)orto
1269 3328 1300 3375 et
1330 3315 1457 3377 stabulo
1482 3334 1518 3376 ac
1542 3312 1667 3397 (h)orec

407 3416 512 3480 eidem
538 3417 630 3480 vinee
655 3417 903 3496 subjacentibus,
935 3419 967 3480 in
1000 3419 1160 3482 territorio
1192 3420 1328 3482 civitatis
1360 3421 1502 3503 predicte
1535 3421 1616 3482 inter
1641 3435 1672 3483 et

407 3543 504 3606 penes
529 3523 681 3606 (h)ortum
707 3524 863 3586 Anthonii
889 3525 980 3604 labri,
1004 3547 1020 3587 a
1046 3527 1287 3609 septemtrione,
1301 3547 1336 3589 ac
1355 3528 1437 3590 inter
1461 3527 1615 3610 (h)ortum
1641 3543 1673 3591 et

407 3631 534 3694 vineam
560 3632 644 3694 Petri
670 3631 802 3714 lvvsych,
827 3653 843 3694 a
868 3633 1048 3694 meridione
1066 3633 1173 3695 habita
1199 3647 1229 3694 et
1247 3634 1395 3713 existens,
1420 3636 1461 3696 ab
1487 3654 1551 3696 uno
1569 3633 1671 3696 fluvio

408 3738 602 3821 Zazydnyak
627 3751 740 3800 vocato
765 3753 797 3800 et
821 3759 922 3820 usque
944 3740 983 3801 ad
1002 3739 1101 3801 alium
1127 3739 1261 3802 fluvium
1279 3743 1361 3803 ultra
1379 3755 1522 3814 montem
1548 3757 1670 3825 aparte

407 3846 583 3908 occidentis
607 3846 752 3908 habitum
777 3867 810 3908 se
846 3849 1032 3927 extendens,
1064 3868 1161 3930 quam
1195 3849 1363 3932 Philippus
1395 3849 1580 3912 candelator
1605 3855 1670 3912 An·

406 3951 519 4014 thonio
543 3953 688 4034 arcupari
714 3953 800 4013 dicto
825 3953 927 4015 Janlto
952 3973 1010 4035 pro
1039 3969 1121 4016 certa
1147 3957 1325 4036 quantitate
1357 3957 1566 4038 pecuniarum
1591 3977 1670 4019 ven·

407 4059 489 4121 didit
512 4073 558 4121 est
581 4061 640 4120 sub
666 4060 818 4141 pendenti
843 4060 950 4140 sigillo
979 4061 1219 4123 communitatis
1243 4077 1400 4124 emanata.

512 4163 589 4226 ltem
625 4165 771 4248 Mathyas
803 4165 924 4246 juratus
956 4167 1059 4228 dictus
1091 4167 1310 4253 Kerzowaych
1343 4166 1427 4229 filius
1458 4167 1613 4230 lobannis
1637 4169 1669 4230 in

405 4285 516 4332 suaet
541 4271 640 4332 Elene
666 4271 799 4352 virginis
823 4270 888 4333 filie
913 4273 1051 4334 condam
1080 4272 1237 4335 Anthonii
1270 4273 1488 4358 Kerzowaych
1514 4275 1671 4356 personis,

405 4396 440 4437 ac
465 4377 590 4438 Blasius
612 4375 698 4438 filius
714 4377 850 4440 condam
877 4379 1005 4441 Andree
1023 4379 1098 4441 dicti
1123 4380 1232 4463 Zayko
1258 4381 1290 4441 in
1308 4400 1365 4442 sua
1389 4395 1420 4442 et
1444 4380 1668 4443 universorum

406 4481 537 4544 fratrum
564 4503 696 4545 suorum
721 4485 877 4565 personis,
895 4486 1057 4567 quandam
1082 4487 1214 4548 domum
1233 4503 1344 4548 eorum
1363 4487 1458 4548 simul
1476 4507 1549 4548 cum
1568 4486 1670 4550 fundo

406 4605 436 4650 et
460 4590 577 4651 celario
602 4593 809 4652 subterraneo
835 4611 870 4652 ac
894 4591 1051 4654 hedificiis
1076 4593 1171 4654 unius
1189 4593 1310 4674 integre
1336 4595 1422 4655 curie
1447 4593 1480 4655 in
1504 4594 1669 4655 vicinitate

406 4695 579 4758 domorum
603 4697 760 4759 Anthonii
786 4697 1007 4781 Joffanovvych
1033 4715 1063 4760 et
1086 4699 1262 4761 liberorum
1281 4701 1419 4762 condam
1444 4701 1543 4762 Paule
1567 4701 1670 4762 carni·

406 4801 472 4864 licis
497 4804 650 4882 habitam,
683 4805 817 4866 domino
850 4805 978 4866 Thome
1011 4807 1187 4888 presbitero
1220 4805 1288 4868 filio
1321 4806 1488 4886 Demetrii,
1525 4822 1559 4867 ut
1583 4826 1670 4868 novo

406 4909 529 4970 concivi
555 4925 673 4988 nostr0,
699 4930 734 4972 ac
760 4911 868 4972 Marco
893 4911 1032 4974 carnifici
1058 4911 1125 4973 filio
1151 4911 1283 4995 Gyuralt
1317 4911 1475 4974 carnificis
1499 4925 1530 4974 et
1554 4913 1668 4996 Elyza·

406 5015 481 5075 beth
504 5035 559 5076 sue
585 5017 723 5078 consorti
748 5036 806 5098 pro
828 5017 941 5098 viginti
966 5017 1035 5080 flor.
1060 5019 1128 5079 auri
1146 5019 1362 5080 vendiderunt
1386 5033 1541 5102 perpetuo
1565 5020 1668 5102 possi-
