3854 5798
509 771 598 850 Item,
623 785 657 832 ut
681 771 757 853 quia
791 771 908 832 Paulus
940 769 1083 832 carnifex
1113 770 1288 832 modernus
1319 769 1439 850 juratus
1472 787 1503 833 et
1528 773 1670 833 concivis

404 893 512 941 noster
535 877 621 940 filius
646 878 784 941 condam
818 879 900 940 Petri
934 878 1075 958 agricole
1108 879 1330 939 inhabitatoris
1363 879 1446 940 dicte
1478 880 1614 941 civitatis
1638 880 1669 940 id

404 1005 477 1048 cum
501 985 675 1048 sufficienti
699 985 884 1048 testimonio
909 986 1084 1068 proborum
1111 985 1253 1046 virorum
1271 1005 1378 1046 coram
1405 986 1499 1047 nobis
1523 1007 1669 1068 compro-

404 1093 501 1171 bavit,
525 1107 559 1154 ut
583 1093 661 1154 dum
685 1093 819 1174 provida
837 1093 974 1154 condam
993 1093 1109 1154 mulier
1133 1093 1234 1154 Elena
1259 1107 1371 1154 vocata
1397 1094 1506 1154 relicta
1532 1093 1668 1154 condam

405 1201 488 1261 Petri
532 1198 608 1260 dicti
647 1199 728 1261 Clalc
771 1199 850 1260 olim
894 1197 988 1280 jurati
1025 1214 1056 1259 et
1091 1199 1232 1260 concivis
1278 1201 1376 1260 nostri
1413 1199 1469 1262 filii
1517 1199 1669 1282 Stephani

405 1306 481 1368 dicti
506 1305 637 1388 Wydelr
661 1319 829 1368 matertera
854 1305 998 1368 eiusdem
1025 1305 1115 1366 Pauli
1141 1305 1172 1366 in
1198 1306 1347 1367 extremis
1371 1307 1434 1367 vite
1463 1327 1520 1368 sue
1545 1321 1669 1388 tempo-

405 1413 480 1476 ralis
504 1413 691 1488 laborasset,
714 1425 789 1472 tunc
824 1412 891 1493 ipsa
924 1411 1050 1472 vineam
1080 1431 1170 1472 suam
1205 1412 1235 1472 in
1261 1413 1421 1474 territorio
1454 1428 1564 1474 nostro
1589 1413 1670 1473 inter

405 1520 515 1581 vineas
540 1517 692 1600 Gasparis
715 1519 830 1580 literati
857 1517 913 1579 lilii
940 1518 1068 1579 Thome
1095 1531 1276 1579 nostrorum
1301 1519 1448 1580 similiter
1472 1519 1668 1596 concivium,

405 1646 461 1709 per
485 1640 586 1687 metas
609 1626 761 1686 arborum
790 1623 1063 1706 infrascriptarum
1098 1624 1281 1685 distinctam
1316 1625 1523 1706 habitamque
1548 1641 1580 1686 et
1604 1626 1669 1686 exi-

404 1745 552 1811 stentem,
577 1731 616 1794 de
641 1746 671 1792 et
695 1751 712 1792 a
736 1751 832 1812 super
856 1731 907 1792 via
945 1731 1122 1808 communi,
1148 1730 1196 1820 inl
1204 1751 1236 1792 ra
1268 1751 1369 1812 usque
1393 1733 1509 1792 vallem
1534 1752 1590 1794 seu
1615 1732 1668 1792 de-

405 1857 531 1900 cursum
556 1857 639 1919 aque
662 1837 813 1920 pluvialis
837 1837 903 1898 sive
929 1857 1031 1918 usque
1057 1837 1263 1899 medietatem
1289 1839 1471 1898 communis
1495 1839 1546 1900 vie
1571 1839 1669 1921 ipsius

405 1945 526 2006 montis
549 1965 581 2005 se
606 1944 892 2022 demonstrantem,
916 1944 1153 2022 extendentem,
1172 1945 1225 2024 ita,
1250 1945 1337 2026 quod
1364 1945 1430 2027 ipse
1456 1946 1539 2007 viam
1567 1947 1669 2006 vineis

405 2052 626 2133 superioribus
649 2051 798 2112 claudere
822 2070 887 2112 non
912 2051 1011 2134 possit
1036 2052 1171 2132 legasset
1195 2066 1225 2113 et
1250 2051 1423 2113 dimisisset
1446 2065 1505 2115 etc.

512 2157 611 2232 Quod
635 2159 710 2239 quia
727 2158 775 2218 vir
790 2157 945 2240 providus
962 2171 993 2218 et
1015 2157 1166 2220 honestus
1184 2158 1267 2219 lvvan
1287 2158 1370 2220 lilius
1395 2160 1483 2220 Pauli
1504 2160 1575 2220 Lah
1593 2160 1668 2221 dicti

406 2265 445 2325 de
469 2264 545 2326 villa
571 2263 702 2346 Dedych
728 2265 822 2325 nobis
846 2264 924 2324 scire
950 2265 1083 2342 curavit,
1108 2279 1142 2324 ut
1170 2285 1233 2325 una
1258 2265 1348 2325 litera
1373 2266 1584 2347 privilegialis
1609 2269 1668 2328 sub

406 2371 514 2452 sigillo
539 2385 645 2432 nostre
670 2371 911 2432 communitatis
935 2390 993 2451 pro
1017 2385 1106 2452 parte
1139 2369 1277 2431 condam
1304 2371 1467 2452 Symunek
1494 2373 1543 2432 avi
1570 2372 1669 2454 ipsius

407 2478 491 2539 lwan
516 2497 611 2559 super
635 2477 774 2558 quadam
799 2491 880 2538 terra
906 2477 1005 2559 ipsius
1034 2477 1147 2538 arabili
1180 2477 1211 2536 in
1236 2478 1399 2538 territorio
1424 2478 1507 2539 dicte
1531 2479 1668 2540 civitatis

406 2585 437 2644 in
464 2602 578 2666 campo
602 2597 633 2644 et
656 2585 737 2644 inter
760 2597 858 2644 terras
882 2583 1019 2644 arabiles
1044 2581 1157 2664 prefati
1183 2583 1345 2644 Valentini
1370 2582 1485 2664 judicis
1509 2585 1667 2662 moderni,

406 2690 590 2772 apartibus
613 2689 761 2750 orientali
787 2703 818 2750 et
849 2689 1117 2771 septemtrionali,
1150 2704 1180 2750 et
1214 2690 1295 2750 inter
1319 2703 1416 2751 terras
1447 2711 1668 2752 successorum

406 2795 544 2857 condam
570 2795 695 2878 providi
730 2795 789 2856 viri
814 2796 986 2876 Augustini
1013 2796 1122 2856 Kusne
1155 2795 1242 2874 dicti,
1267 2815 1283 2856 a
1311 2811 1399 2877 parte
1424 2798 1626 2874 occidentali,
1650 2820 1667 2860 a

407 2917 494 2986 parte
519 2916 625 2964 autem
659 2902 864 2963 meridionali
898 2901 1026 2962 Thome
1059 2901 1199 2982 agricole
1224 2901 1509 2985 Brumnethychyn
1535 2903 1612 2964 dicti
1637 2921 1668 2966 et

406 3028 626 3072 successorum
651 3009 788 3070 condam
814 3007 921 3069 Bedek
953 3007 1095 3068 habitam
1128 3021 1159 3067 et
1191 3021 1379 3069 extsteutem
1406 3009 1667 3092 Podoreschycza

407 3117 536 3193 dictam,
560 3129 623 3175 tres
646 3114 748 3177 dietas
771 3129 852 3176 terre
879 3114 908 3174 in
934 3133 966 3174 se
995 3114 1173 3192 continens,
1206 3113 1309 3194 ipsum
1338 3114 1420 3175 lvvan
1449 3115 1517 3194 jure
1542 3115 1667 3178 heredi-

407 3223 487 3285 tario
512 3233 769 3299 concernentem,
792 3222 831 3281 ab
857 3219 971 3282 eodem
998 3221 1166 3281 casualiter
1194 3220 1359 3302 deperdita
1385 3221 1500 3282 nullibi
1526 3222 1666 3284 inveniri

408 3329 512 3412 potuit
536 3341 567 3389 et
591 3327 630 3388 ad
647 3328 763 3388 trinam
789 3326 948 3388 forensem
966 3326 1258 3408 proclamacionem
1277 3341 1417 3388 nostram
1436 3327 1540 3388 eidem
1560 3329 1667 3390 nullus

408 3434 623 3498 contradictor
647 3433 803 3515 apparuit,
829 3433 902 3493 ideo
927 3433 1054 3493 easdem
1080 3447 1179 3494 terras
1200 3433 1304 3493 eidem
1331 3433 1414 3493 lvvan
1440 3435 1610 3495 statuimus
1634 3451 1666 3497 et

409 3563 464 3626 per
488 3561 562 3604 eum
586 3541 652 3602 suis
677 3540 858 3602 heredibus.

515 3648 612 3722 Quod
630 3647 764 3728 quiuvir
781 3646 934 3728 providus
945 3646 1068 3706 Blasius
1086 3661 1173 3706 sutor
1184 3646 1227 3706 W
1230 3645 1426 3730 ythesychyn
1446 3647 1549 3709 dictus
1563 3649 1671 3710 senior

409 3754 528 3836 juratus
553 3767 583 3814 et
607 3753 748 3814 concivis
773 3767 880 3813 noster
897 3752 1060 3833 quandam
1078 3753 1205 3812 vineam
1225 3771 1314 3812 suam
1333 3754 1364 3813 in
1382 3754 1543 3814 territorio
1561 3769 1671 3816 nostro

409 3875 441 3922 et
464 3861 599 3922 civitatis
623 3859 744 3941 prefate
770 3861 850 3920 inter
867 3859 976 3920 vineas
1000 3878 1219 3919 successorum
1237 3859 1374 3919 condam
1401 3857 1549 3940 Gregorii
1576 3861 1670 3920 Wre-

410 3966 545 4048 charych
570 3967 648 4026 alias
674 3965 826 4026 institoris
851 3965 928 4026 olim
954 3965 1047 4044 jurati
1073 3979 1103 4025 et
1135 3965 1277 4026 concivis
1302 3965 1412 4042 nostri,
1438 3985 1454 4026 a
1480 3966 1671 4045 meridione,

410 4087 440 4133 et
457 4072 590 4154 provide
608 4071 752 4132 mulieris
769 4071 863 4132 Clara
889 4085 1000 4132 vocate
1019 4071 1258 4152 Trubchychna
1275 4071 1505 4150 cognominate
1531 4073 1673 4133 concivis

410 4191 527 4255 nostre,
552 4198 608 4259 per
632 4192 749 4238 meram
776 4177 941 4237 cuiusdam
968 4178 1070 4238 trunci
1099 4177 1222 4238 arboris
1254 4177 1391 4259 desuper
1416 4193 1447 4238 et
1472 4198 1528 4259 per
1554 4193 1671 4240 metam

411 4283 575 4344 cuiusdam
601 4283 724 4372 arboris
741 4297 885 4344 castance
904 4304 996 4345 cruce
1013 4284 1136 4364 signate
1161 4285 1193 4344 in
1211 4285 1290 4344 silva
1309 4299 1443 4363 excrete,
1469 4299 1552 4346 recte
1571 4306 1671 4367 usque

409 4389 551 4450 rivulum
576 4390 736 4451 metaliter
760 4405 949 4471 separatam,
975 4390 1116 4451 habitam
1142 4403 1173 4452 et
1200 4392 1400 4470 existentem,
1426 4392 1562 4474 desuper
1587 4394 1671 4453 avia

410 4497 574 4556 communi
600 4509 630 4556 et
656 4495 736 4556 infra
762 4516 862 4576 usque
887 4496 1045 4578 prelatum
1066 4497 1217 4574 rivulum,
1242 4498 1336 4558 simul
1355 4517 1426 4558 cum
1451 4499 1591 4579 virgulto
1616 4519 1672 4560 seu

409 4602 488 4662 silva
513 4603 618 4664 eidem
644 4603 737 4662 vinee
770 4603 945 4682 subjacenti
980 4623 1012 4663 se
1046 4603 1283 4682 extendentem,
1315 4605 1451 4686 provido
1476 4606 1545 4665 viro
1571 4605 1672 4667 Paulo

410 4709 520 4770 sartori
546 4707 613 4769 lilio
638 4709 774 4770 condam
801 4709 920 4771 Mathia
947 4710 1044 4792 Sylen
1070 4710 1146 4771 dicti
1172 4711 1296 4772 concivi
1323 4726 1431 4772 nostro
1456 4733 1492 4773 ac
1516 4733 1573 4794 per
1597 4733 1670 4774 eum

410 4815 474 4877 suis
498 4815 669 4876 heredibus
694 4835 750 4896 pro
776 4815 887 4876 decern
912 4816 981 4878 flor.
1014 4817 1082 4877 auri
1115 4817 1312 4878 vendidisset
1343 4817 1411 4896 jure
1444 4833 1600 4900 perpetuo
1625 4835 1670 4880 te-

412 4921 550 4982 nendam
575 4940 610 4981 ac
634 4920 720 5000 juxta
746 4923 970 4982 condicionem
989 4923 1126 4984 civitatis
1143 4937 1310 5004 prenotate
1340 4927 1379 4985 ab
1397 4925 1531 5005 antiquo
1556 4945 1671 5008 appro-

412 5029 519 5088 batam
544 5027 854 5109 quomodocumque
881 5029 1019 5091 voluerit
1043 5029 1289 5112 disponendam.
