3816 5802
609 1622 736 1720 (Anno
764 1621 919 1710 Domini
945 1621 1164 1726 Mooooo.)

254 1959 343 2036 Item
371 1968 537 2062 tempore
567 1961 727 2037 eiusdem
752 1958 933 2061 judicatus
966 1965 1078 2062 ipsius
1104 1963 1275 2063 Johannis
1304 1962 1429 2058 judicis
1459 1961 1518 2038 lilii

255 2083 396 2161 Nicolai
424 2085 510 2160 dicti
538 2085 677 2162 Bolsak
705 2087 739 2162 in
767 2111 859 2162 anno
890 2086 1034 2162 Domini
1064 2087 1251 2162 millesimo
1279 2087 1516 2187 quadringen-

255 2210 386 2284 tesimo
416 2209 722 2310 quinquagesimO,
742 2211 831 2289 feria
859 2219 965 2288 sexta
984 2211 1146 2312 proxima
1164 2219 1251 2310 post
1269 2211 1402 2286 festum
1422 2209 1516 2288 Con-

569 2334 748 2410 versionis
772 2335 868 2412 beati
898 2335 999 2412 Pauli
1028 2336 1198 2435 apostoli.

764 2562 827 2625 (30.
844 2550 1011 2625 J'crnuarii).

363 2685 440 2748 ltem
466 2686 618 2749 dominus
644 2688 811 2750 Ladislaus
835 2688 972 2750 condam
991 2689 1148 2770 plebanus
1165 2689 1298 2751 ecclesie
1322 2691 1414 2750 beate
1432 2692 1518 2750 Aua·

256 2794 348 2854 stasie
374 2793 413 2854 de
438 2795 596 2874 Zaoabor,
621 2795 752 2856 terciam
778 2809 900 2878 partem
925 2795 1092 2857 cuiusdam
1122 2794 1229 2856 lenilis
1254 2796 1284 2856 in
1310 2795 1470 2856 territorio
1488 2807 1519 2856 et

256 2919 370 2982 campo
395 2900 531 2963 civitatis
554 2903 697 2984 predicte
715 2903 797 2963 inter
821 2901 918 2964 fenile
937 2903 1113 2964 liberorum
1131 2922 1187 2965 seu
1204 2921 1423 2964 successorum
1441 2921 1516 2964 con-

256 3007 328 3068 dam
355 3007 467 3069 lacobi
492 3007 648 3070 carnificis
673 3029 708 3071 ac
733 3009 817 3071 viam
836 3029 1043 3071 communem
1069 3023 1099 3070 et
1116 3009 1232 3071 dumos
1255 3010 1385 3093 spineos
1410 3023 1517 3071 nostre

255 3115 495 3176 communitatis
518 3135 555 3176 ae
579 3115 713 3177 fluvium
740 3115 955 3198 Kuhynscbak
981 3129 1129 3178 vocatum
1162 3115 1262 3177 habiti
1288 3130 1319 3178 et
1342 3116 1517 3194 existentis,

255 3221 384 3282 terciam
410 3234 445 3283 ut
468 3222 642 3304 predicitur
666 3235 801 3304 partem,
830 3223 1017 3304 porcionem
1052 3221 1202 3283 videlicet
1226 3241 1328 3301 suam,
1354 3242 1425 3284 cum
1451 3223 1517 3284 suis

255 3454 352 3516 quam
378 3436 618 3515 consanguineo
642 3455 700 3497 suo
726 3436 909 3518 propinquo
934 3435 1067 3496 donavit
1090 3448 1247 3517 perpetuo
1280 3433 1517 3516 possidendam,

258 3541 336 3602 duas
360 3554 467 3602 autem
493 3555 598 3622 partes
622 3541 766 3603 eiusdem
803 3540 920 3620 senilis,
953 3542 1124 3622 porciones
1148 3541 1298 3602 videlicet
1329 3560 1412 3618 suas,
1438 3538 1517 3602 Gre-

256 3648 366 3728 gorius
390 3645 474 3708 filius
500 3647 661 3710 Valentini
686 3667 757 3709 cum
783 3649 848 3709 suis
879 3649 1085 3729 pertinenciis
1118 3648 1223 3708 eidem
1248 3647 1356 3708 Blasio
1381 3647 1517 3708 institori

256 3773 314 3835 pro
338 3773 392 3814 sex
417 3752 486 3816 flor.
504 3755 572 3815 auri
598 3753 741 3815 vendidit
757 3767 915 3836 perpetuo
940 3753 1150 3835 possidendas
1166 3768 1197 3814 et
1224 3752 1395 3835 superinde
1413 3752 1518 3814 eidem

257 3859 365 3921 Blasio
390 3860 527 3921 institori
552 3860 642 3922 litera
667 3861 877 3942 privilegialis
901 3862 959 3921 sub
978 3859 1131 3941 pendenti
1148 3859 1255 3940 sigillo
1280 3859 1519 3921 communitatis

257 3979 302 4028 est
327 3979 484 4029 emanata.

362 4072 439 4134 ltem
465 4072 596 4134 domina
621 4071 821 4154 Margaretha
847 4091 926 4133 uxor
951 4071 1108 4152 legittima
1147 4072 1205 4133 viri
1231 4071 1368 4132 condam
1393 4070 1519 4153 providi

257 4177 383 4240 Nicolai
408 4177 561 4240 aurifabri
585 4179 616 4239 in
641 4199 697 4240 sua
722 4192 752 4240 et
784 4179 929 4240 eiusdem
955 4179 1079 4240 Nicolai
1113 4178 1265 4240 aurifabri
1292 4179 1351 4239 viri
1375 4179 1423 4238 sui
1448 4198 1519 4259 per·

257 4286 354 4364 sonis,
379 4305 464 4346 nunc
489 4285 519 4346 in
538 4285 718 4348 Waradino
736 4286 909 4364 existentis,
926 4286 1082 4367 personis,
1104 4287 1266 4366 quandam
1286 4285 1412 4346 vineam
1430 4303 1518 4345 suam

258 4406 288 4454 et
312 4393 413 4474 ipsius
437 4392 495 4453 viri
520 4393 568 4453 sui
593 4392 669 4474 ipsis
693 4412 749 4475 per
773 4392 910 4454 condam
937 4391 1099 4454 Thomam
1117 4391 1255 4474 juratum
1280 4389 1383 4452 lilium
1410 4390 1517 4452 Choni

258 4499 496 4581 inpignoratam
529 4515 559 4558 et
582 4517 637 4579 per
661 4518 719 4560 nos
743 4499 837 4560 certis
862 4499 961 4560 literis
993 4499 1108 4560 nostris
1133 4497 1387 4580 privilegialibus
1412 4497 1518 4558 litera·

257 4605 339 4666 torie
364 4602 585 4666 confirmatam
619 4617 649 4666 et
680 4618 922 4687 perpetuatam‚
955 4607 986 4664 in
1018 4605 1179 4666 territorio
1211 4605 1347 4664 civitatis
1378 4603 1519 4685 predicte

259 4713 340 4773 inter
363 4712 432 4774 vias
455 4713 599 4794 undique
625 4731 814 4773 communes
839 4712 993 4790 habitam,
1022 4712 1121 4791 vulgo
1148 4710 1353 4771 Decanschalr
1379 4709 1520 4792 appella·

258 4832 333 4898 tam,
358 4837 431 4879 cum
457 4818 522 4879 suis
554 4818 746 4880 utilitatibus
778 4831 808 4880 et
841 4818 1047 4899 pertinenciis
1079 4817 1237 4880 universis
1261 4815 1384 4898 prefato
1410 4815 1519 4876 Blasio

259 4925 395 4988 institori
420 4923 488 4986 filio
513 4925 611 5006 ipsius
635 4925 764 4986 Thome
788 4923 1031 5006 Wgrynowych
1050 4943 1108 5005 pro
1132 4924 1366 5006 quinquaginta
1384 4935 1521 5004 quatuor

260 5031 327 5097 flor.
352 5033 420 5095 auri
445 5031 589 5095 vendidit
609 5047 765 5116 perpetuo
784 5032 1015 5114 possidendam
1041 5045 1070 5093 et
1088 5031 1258 5114 superinde
1282 5030 1386 5090 eidem
1401 5027 1521 5151 *Blasio
