3816 5802
416 635 476 696 1¹4
941 620 1028 678 Anno
1051 634 1144 700 1449.

410 829 593 892 stacionarii
625 831 749 913 pridem
774 830 889 912 judicis
923 833 1128 914 concivisque
1157 833 1255 894 nostri
1282 832 1339 894 lilii
1362 833 1466 912 Pauli,
1490 853 1508 892 a
1532 849 1671 915 septem·

409 937 524 1016 trione,
548 951 579 999 et
603 937 778 1000 liberorum
803 958 860 1001 seu
881 958 1100 1002 successorum
1120 940 1257 1001 condam
1275 940 1422 1002 Barnabe
1447 952 1478 1002 et
1501 939 1671 1001 Benedicti

409 1065 446 1106 ac
471 1045 568 1106 Blasii
593 1059 624 1106 et
648 1043 780 1126 Georgii
805 1043 947 1108 filiorum
974 1047 1062 1107 Bank
1088 1065 1232 1107 necnon
1258 1046 1439 1108 Sebastiani
1465 1045 1617 1130 ¹Soldinar
1634 1065 1671 1107 ac

409 1152 541 1213 domine
567 1152 766 1233 Margarethe
791 1152 901 1214 relicte
926 1151 1064 1214 condam
1093 1153 1208 1214 Briccii
1235 1153 1350 1235 judicis
1376 1167 1559 1215 nostrorum
1583 1153 1670 1213 simi-

409 1258 482 1320 liter
506 1259 688 1320 concivium
714 1259 856 1322 habitam
881 1273 912 1321 et
936 1259 1136 1338 existentem,
1165 1275 1288 1342 septem
1315 1259 1463 1322 videlicet
1487 1271 1616 1341 quartas
1640 1273 1673 1320 et

408 1365 548 1428 mediam
574 1381 720 1429 octavam
744 1367 830 1429 curie
855 1367 895 1428 ad
915 1387 1008 1429 usum
1031 1367 1167 1430 civitatis
1185 1365 1307 1450 prefate
1325 1367 1356 1428 in
1380 1387 1414 1429 se
1440 1366 1671 1444 continentem,

408 1473 494 1553 ipsos
517 1473 651 1554 juridice
676 1487 935 1552 concernentem,
967 1488 1063 1557 prout
1093 1473 1154 1535 hoc
1179 1474 1210 1534 in
1243 1474 1405 1557 prioribus
1428 1473 1529 1535 literis
1553 1473 1672 1535 nostris

407 1581 663 1664 privilegialibus
687 1582 773 1664 apud
798 1601 857 1643 nos
886 1601 945 1664 pro
978 1581 1099 1643 cautela
1134 1581 1166 1642 in
1197 1581 1340 1642 sacristia
1373 1593 1480 1642 nostra
1504 1581 1670 1643 communi

408 1688 575 1749 reservatis
593 1708 737 1770 expresse
756 1689 948 1767 continetur,
967 1707 1039 1750 cum
1057 1688 1209 1750 omnibus
1225 1687 1290 1749 suis
1306 1687 1500 1748 utilitatibus
1525 1700 1556 1750 et
1573 1687 1671 1770 perti·

408 1795 531 1857 nenciis
556 1795 712 1856 universis
737 1795 858 1857 Jacobo
891 1794 995 1876 jurato
1026 1792 1093 1856 filio
1126 1793 1225 1856 Vlrici
1258 1793 1335 1856 dicti
1361 1794 1524 1877 Eberspelt
1557 1808 1588 1856 et
1612 1793 1670 1855 do·

408 1903 493 1963 mine
519 1902 719 1984 Margarethe
743 1922 800 1965 sue
825 1902 965 1964 consorti
990 1921 1048 1984 pro
1073 1901 1213 1982 quadam
1238 1900 1336 1962 domo
1362 1919 1473 1978 eorum
1498 1915 1623 1962 murata
1640 1913 1672 1962 et

407 2007 509 2072 fundo
534 2029 569 2071 ac
594 2008 751 2071 hedificiis
775 2009 807 2070 in
833 2009 915 2070 dicta
940 2008 1067 2068 civitate
1093 2008 1174 2068 inter
1198 2007 1332 2068 domum
1366 2007 1462 2068 Blasii
1487 2006 1669 2069 stationarii

406 2115 463 2178 filii
489 2116 619 2178 Thome
643 2130 674 2178 et
698 2117 780 2177 inter
803 2115 883 2176 duas
907 2115 974 2176 vias
993 2133 1182 2176 communes
1207 2113 1325 2191 habita,
1342 2127 1406 2176 tres
1430 2128 1558 2195 quartas
1582 2112 1670 2174 curie

407 2223 438 2284 in
463 2243 496 2284 se
519 2224 716 2301 continente,
742 2241 777 2284 ac
802 2241 860 2304 pro
885 2221 1104 2282 additamento
1133 2233 1262 2280 centum
1295 2233 1326 2281 et
1350 2220 1479 2300 triginta
1504 2218 1574 2282 flor.
1599 2219 1669 2280 auri

405 2349 462 2412 per
486 2329 618 2391 modum
644 2327 896 2410 permutationis
920 2339 951 2390 et
969 2327 1148 2389 concambii
1167 2345 1204 2387 ex
1222 2345 1379 2387 consensu
1397 2326 1577 2388 vicinorum
1597 2345 1665 2407 pre·

406 2435 565 2497 dictorum
590 2433 748 2496 dederunt
780 2447 936 2516 perpetuo
963 2433 1190 2515 possidendam
1217 2447 1247 2495 et
1279 2432 1588 2514 quomodocumque
1613 2450 1669 2492 vo·

405 2543 523 2605 luerint
547 2542 781 2626 disponendam
806 2542 892 2624 juxta
917 2541 1141 2604 condicionem
1168 2540 1316 2602 civitatis.
