3840 5810
813 533 900 592 Anno
922 546 1014 610 1443.
1483 552 1518 594 21

259 757 323 805 tam
349 743 409 825 ipsi
436 721 580 804 Fabiano
604 741 709 824 jurato
744 761 842 824 quam
877 742 963 805 dicto
996 742 1139 826 Georgio
1171 744 1311 806 sellatori
1337 744 1426 806 litere
1450 760 1524 807 sunt

257 850 319 910 snb
343 849 496 932 pendenti
520 849 629 930 sigillo
653 849 893 911 communitatis
917 863 1073 912 emanate.

283 1089 367 1162 ltem
395 1087 481 1160 leria
510 1091 617 1160 tercia
653 1086 807 1177 proxima
836 1099 914 1160 ante
943 1089 1066 1162 festum
1096 1089 1352 1162 Purificacionts
1381 1091 1478 1162 beate

669 1233 800 1302 semper
828 1212 968 1302 virginis
997 1215 1112 1286 Maris.

776 1380 841 1444 (29.
858 1365 1023 1450 sonuerit).

362 1505 440 1568 ltem
464 1505 598 1568 domina
622 1505 723 1568 Elena
748 1506 813 1569 filia
848 1507 987 1570 condam
1013 1507 1107 1570 Blasii
1141 1508 1250 1570 relicta
1276 1527 1353 1569 vero
1380 1508 1520 1569 condam

257 1611 411 1675 lobannis
435 1613 590 1674 institoris
613 1611 671 1674 lilii
697 1614 796 1676 Marci
829 1615 870 1677 de
894 1615 1000 1698 lepra,
1033 1613 1194 1697 quandam
1220 1615 1347 1676 vineam
1372 1627 1463 1676 suam
1488 1615 1518 1676 in

255 1720 417 1782 territorio
433 1720 572 1782 civitatis
587 1720 729 1803 predicte
758 1721 840 1782 inter
856 1721 967 1784 vineas
987 1722 1130 1803 magistri
1149 1721 1269 1782 Mathei
1287 1721 1402 1782 notarii
1420 1721 1519 1783 nostri

255 1827 402 1888 moderni
429 1825 488 1889 filii
513 1828 612 1907 Luce,
643 1829 683 1889 ab
714 1847 778 1889 una
803 1842 903 1910 parte,
936 1829 976 1890 ab
1000 1828 1099 1890 altera
1130 1847 1208 1890 vero
1232 1841 1320 1910 parte
1344 1828 1518 1889 liberorum

255 1953 311 1995 seu
333 1953 554 1996 successorum
578 1932 716 1996 condam
734 1933 889 1996 lobannis
908 1935 1055 1996 Kusnecz
1073 1934 1160 2013 dicti,
1179 1935 1238 1996 sub
1257 1935 1349 1996 metis
1374 1947 1404 1996 et
1420 1934 1520 2016 signis

256 2040 427 2102 metalibus
451 2041 483 2102 in
507 2040 599 2102 litera
624 2041 812 2123 expressatis
848 2041 1002 2120 habitam,
1033 2041 1178 2123 predicto
1211 2041 1363 2122 magistro
1390 2039 1518 2102 Matheo

255 2147 381 2209 notario
405 2161 435 2209 et
465 2147 531 2209 suis
562 2146 735 2210 heredibus
766 2168 825 2230 pro
858 2147 1043 2229 quindecim
1077 2146 1146 2211 flor.
1179 2147 1247 2208 auri
1279 2146 1425 2208 vendidit
1449 2167 1517 2229 per-

255 2269 352 2336 petuo
375 2253 603 2336 possidendam
628 2265 660 2316 et
683 2253 854 2338 superinde
879 2253 985 2315 eidem
1011 2253 1164 2336 magistro
1199 2252 1329 2316 Matheo
1354 2265 1401 2314 est
1425 2253 1517 2316 litera

255 2363 312 2422 sub
337 2360 489 2443 pendenti
513 2360 622 2442 sigillo
646 2361 888 2423 communitatis
912 2359 1058 2422 conlecta
1083 2375 1114 2422 et
1138 2375 1295 2422 emanata.

359 2467 436 2528 ltem
462 2466 594 2528 domina
612 2465 788 2529 Katherina
812 2467 904 2529 aliter
921 2468 1038 2530 Pawka
1061 2481 1174 2529 vocata
1205 2486 1337 2528 consors
1361 2465 1517 2546 legittima

257 2574 354 2636 Blasii
378 2572 435 2636 lilii
461 2574 591 2636 Thorne
615 2574 860 2657 Wgrinowych,
881 2573 1045 2656 quandam
1063 2574 1196 2636 domum
1222 2593 1312 2634 suam
1338 2586 1517 2654 utramque,

254 2694 318 2741 tam
343 2679 483 2762 ligneam
510 2699 607 2762 qnam
633 2695 803 2758 muratam,
831 2680 926 2742 simul
960 2699 1033 2742 cum
1059 2679 1167 2741 lundis
1191 2693 1222 2742 et
1254 2680 1371 2741 celario
1394 2679 1516 2740 subter·

255 2807 350 2849 raneo
374 2788 435 2870 ipsi
459 2787 572 2849 dornui
597 2787 703 2869 lignee
727 2787 915 2866 subjacenti,
948 2807 983 2848 ac
1015 2786 1183 2866 hedificiis,
1216 2806 1273 2848 nec
1298 2805 1363 2848 non
1388 2785 1516 2848 clibano

253 2914 309 2956 seu
332 2893 461 2956 lomace
485 2913 605 2976 panum
637 2909 668 2955 et
704 2894 911 2976 pertinenciis
943 2895 1008 2954 suis
1041 2893 1209 2972 universis,
1241 2893 1323 2954 inter
1346 2892 1461 2952 domos
1486 2905 1516 2952 et

254 3000 369 3063 fundos
391 3001 451 3063 viri
476 3001 602 3084 providi
628 3015 658 3063 et
682 3001 808 3062 honesti
841 3001 954 3063 Briccii
988 3002 1065 3063 dicti
1091 3002 1201 3084 Rybar
1224 2999 1282 3062 filii
1307 2999 1473 3078 lobannis,
1498 3019 1515 3060 a

254 3109 442 3186 meridione,
467 3123 498 3170 et
531 3107 666 3170 Fabiani
697 3128 734 3170 ac
766 3107 921 3170 Anthonii
946 3107 1095 3170 'filiorum
1128 3108 1263 3170 Adriani
1299 3121 1428 3189 aparte
1460 3127 1514 3168 au·

254 3215 338 3276 strali
362 3234 419 3276 seu
443 3214 625 3296 aquilonari
657 3213 810 3294 habitam,
843 3235 941 3278 unam
974 3235 1047 3277 cum
1081 3215 1188 3276 media
1219 3214 1338 3276 curiam
1364 3227 1394 3273 et
1417 3231 1514 3274 unam

254 3337 398 3383 octavam
423 3321 511 3383 curie
534 3321 574 3382 ad
599 3341 693 3382 usum
718 3321 802 3384 dicte
831 3321 967 3384 civitatis
991 3323 1023 3383 in
1047 3343 1080 3384 se
1112 3321 1331 3383 continentem
1369 3319 1514 3401 predicto

256 3429 363 3490 Blasio
376 3428 511 3490 domino
535 3443 566 3489 et
590 3428 705 3489 marito
729 3447 788 3489 suo
812 3428 983 3510 legittimo,
1008 3441 1043 3491 ut
1060 3447 1145 3489 novo
1169 3427 1294 3489 concivi
1319 3439 1439 3503 nostro,
1456 3424 1513 3486 do·

254 3536 339 3597 navit
369 3547 526 3618 perpetuo
560 3533 788 3616 possidendam
813 3547 844 3596 et
875 3535 1047 3618 superinde
1084 3547 1130 3595 est
1161 3533 1251 3595 litera
1276 3533 1335 3594 sub
1360 3530 1513 3614 pendenti

253 3641 359 3724 sigillo
384 3640 625 3702 communitatis
648 3654 806 3702 emanata.

355 3747 432 3810 Item
467 3748 667 3828 Augustinus
700 3747 811 3809 Kusne
845 3747 970 3830 pridem
1003 3746 1135 3829 juratus,
1166 3747 1371 3828 concivisque
1396 3761 1514 3827 noster,

253 3851 336 3914 lilius
360 3854 450 3916 Pauli
475 3866 506 3916 et
530 3853 723 3916 Benedictus
747 3853 832 3915 filius
857 3853 1023 3915 Michaelis
1041 3853 1230 3930 Sebastiani,
1255 3853 1465 3913 commissarii
1483 3867 1513 3914 et

254 3974 437 4021 executores
460 3959 567 4021 ultimi
591 3961 773 4022 testamenti
798 3960 954 4023 lobannis
985 3958 1042 4022 filii
1068 3959 1247 4038 lacomelli,
1279 3957 1441 4040 quandam
1467 3959 1512 4020 vi-

253 4085 345 4127 neam
370 4065 515 4128 eiusdem
540 4065 696 4127 lohannis
727 4065 985 4129 condicionalem
1017 4067 1049 4127 in
1077 4065 1238 4128 territorio
1271 4065 1407 4126 civitatis
1442 4085 1511 4147 pre-

252 4171 334 4235 dicte
358 4173 440 4234 inter
464 4173 575 4234 vineas
600 4171 764 4234 Dorotbee
788 4172 932 4234 mulieris
950 4173 1107 4234 consortis
1131 4171 1258 4254 providi
1276 4171 1334 4232 viri
1362 4170 1511 4252 Gregorii

251 4279 344 4360 jurati
368 4279 467 4340 nostri
493 4279 639 4340 moderni
666 4275 725 4339 filii
751 4278 849 4358 Galli,
874 4280 913 4340 ab
939 4297 1013 4358 una,
1045 4293 1076 4340 et
1100 4279 1277 4340 liberorum
1301 4297 1357 4339 seu
1389 4297 1511 4338 sncces-

252 4405 358 4447 sorum
399 4383 537 4446 condam
569 4384 699 4445 Martini
732 4385 875 4446 Kusman
914 4398 1097 4446 nostrorum
1137 4384 1318 4446 concivium
1358 4383 1510 4460 habitam,

252 4492 387 4574 desuper
410 4512 428 4552 a
452 4491 502 4552 via
520 4492 685 4553 communi
710 4503 741 4552 et
764 4489 846 4552 infra
863 4511 963 4573 usque
981 4492 1133 4571 rivulum,
1151 4511 1223 4552 cum
1249 4489 1388 4570 virgulto
1406 4489 1510 4550 eidem

251 4599 342 4660 vinee
366 4597 543 4679 subjacenti
568 4618 601 4659 se
630 4597 867 4677 extendentem,
884 4598 1030 4680 predicto
1049 4599 1155 4660 Blasio
1172 4597 1240 4658 filio
1264 4597 1364 4678 ipsius
1381 4596 1511 4657 Thome

251 4705 473 4786 Wgrinnvvich
497 4723 555 4786 pro
579 4704 709 4786 triginta
734 4717 765 4765 et
789 4703 897 4766 medio
922 4703 991 4766 flor.
1025 4703 1093 4765 auri
1118 4703 1332 4764 vendiderunt
1355 4715 1511 4784 perpetuo

252 4811 476 4892 possidendam
499 4825 531 4874 et
552 4811 725 4893 superinde
750 4823 797 4872 est
820 4811 910 4872 litera
935 4812 994 4872 snb
1019 4809 1171 4892 pendenti
1200 4809 1307 4890 sigillo
1330 4808 1510 4869 communi-

252 4918 322 4978 tatis
345 4932 490 4980 emanata
516 4918 571 4998 ita,
600 4917 689 5000 quod
714 4936 815 4979 unum
833 4917 987 4978 eubulum
1012 4915 1077 4977 vini
1103 4916 1135 4976 in
1154 4916 1270 4996 Magna
1296 4913 1373 4975 feria
1398 4915 1510 4996 quinta

253 5023 291 5086 ad
305 5023 427 5089 Cenam
446 5024 570 5087 domini
588 5025 655 5107 ipse
674 5023 798 5086 Blasius
816 5024 951 5107 singulis
968 5023 1060 5085 annis
1077 5022 1151 5083 dare
1168 5023 1284 5086 debeat
1308 5035 1337 5085 et
1353 5035 1510 5088 teneatur.
