3832 5804
828 493 923 552 Anno
944 487 1037 570 1460.
1512 514 1569 576 ¹99

308 719 449 784 nentem,
475 704 611 786 Symoni
645 705 745 766 sutori
778 703 845 766 filio
872 689 1025 786 Stephani
1055 723 1113 786 pro
1146 704 1290 786 quinque
1314 703 1383 768 flor.
1408 705 1571 782 vendidit,

307 799 437 873 tandem
462 809 604 893 prefatus
629 811 751 892 Symon
777 825 866 872 sutor
890 797 1025 872 eandem
1045 811 1178 872 domum
1205 826 1235 872 et
1252 809 1389 872 fundum
1414 831 1449 872 ac
1473 811 1569 893 (lr)or-

307 930 376 978 tum
401 916 497 978 unius
521 928 633 998 quarte
657 917 744 978 curie
778 917 894 978 iterum
922 915 1068 978 vendidit
1089 923 1158 997 'pro
1183 917 1328 997 quinque
1359 915 1428 978 flor.
1459 917 1570 979 relicte

309 1023 445 1084 condam
473 1022 595 1107 Stellyn
622 1021 780 1084 carnificis·
803 1042 838 1084 ac
863 1042 919 1105 per
950 1043 1020 1084 eam
1046 1023 1111 1084 suis
1143 1021 1316 1084 heredibus
1341 1037 1371 1083 et
1395 1022 1568 1104 superinde

308 1130 398 1191 litera
425 1142 532 1191 nostra
557 1129 767 1211 privilegialis
785 1130 850 1191 'sub
875 1129 1028 1211 pendenti
1053 1128 1160 1210 sigillo
1185 1142 1232 1190 est
1255 1128 1317 1189 sibi
1343 1141 1502 1190 emanata.
1554 1109 1557 1116 ⁴

414 1235 491 1297 ltem
516 1235 680 1297 Barnabas
703 1233 788 1297 filius
812 1235 941 1297 Thome
960 1234 1137 1298 Grabarich
1155 1234 1302 1296 vendidit
1326 1235 1488 1315 quandam
1513 1235 1569 1296 do·

308 1361 396 1404 mum
422 1361 511 1404 suam
537 1341 634 1403 simul
658 1361 730 1404 cum
754 1340 856 1403 fundo
881 1355 912 1403 et
936 1339 1070 1403 edificiis
1095 1342 1126 1402 in
1159 1341 1314 1403 suburbio
1339 1341 1475 1403 civitatis
1498 1361 1568 1424 pre-

307 1449 389 1510 dicte
414 1467 512 1530 penes
536 1447 671 1510 fluvium
695 1447 844 1509 metalem
870 1447 902 1508 in
927 1447 1092 1509 vicinitate
1124 1446 1216 1508 fundi
1241 1467 1298 1508 seu
1327 1448 1409 1510 inter
1433 1448 1568 1510 domum

309 1567 339 1615 et
361 1552 498 1616 fundum
524 1552 680 1616 lobannis
702 1565 734 1615 et
758 1552 844 1615 Galli
863 1567 1009 1615 sutorum
1028 1551 1168 1614 liliorum
1187 1552 1316 1615 Andree
1342 1553 1381 1615 de
1400 1553 1569 1642 'owicza,

309 1681 327 1722 a
350 1661 597 1742 septemtrione,
622 1673 653 1721 et
676 1659 758 1722 inter
790 1659 876 1720 viam
901 1679 957 1720 seu
983 1659 1123 1740 plateam
1148 1677 1355 1721 communem
1381 1661 1421 1720 ab
1446 1660 1569 1722 oriente

308 1766 462 1842 habitam,
487 1765 624 1846 desuper
648 1785 666 1827 a
689 1766 740 1826 via
765 1785 821 1826 seu
846 1765 951 1848 platea
972 1765 1137 1826 communi
1162 1786 1179 1826 a
1200 1765 1378 1826 meridione
1404 1765 1510 1828 habita
1540 1780 1571 1829 et

308 1869 389 1932 inlra
411 1889 514 1953 usque
538 1869 696 1953 prefatum
716 1871 850 1933 fluvium
875 1870 1025 1932 metalem
1046 1890 1079 1932 se
1097 1871 1335 1950 extendentem,
1361 1891 1458 1933 unam
1476 1893 1569 1954 quar-

308 1991 372 2040 tam
396 1979 484 2039 curie
509 1979 541 2039 in
565 1998 599 2040 se
624 1991 654 2040 et
678 1991 825 2039 octavam
849 1977 881 2038 in
906 1997 938 2038 se
964 1976 1193 2055 continentem,
1220 1975 1351 2060 prelatis
1376 1976 1514 2039 iohanni
1539 1991 1570 2038 et

309 2083 405 2147 Gallo
429 2083 591 2145 sutoribus
614 2103 650 2144 ac
675 2103 731 2164 per
754 2102 809 2145 eos
833 2102 945 2145 eorum
974 2082 1148 2144 heredibus
1172 2101 1230 2164 pro
1264 2102 1382 2144 novem
1406 2081 1476 2145 flor.
1500 2083 1569 2144 auri

308 2203 339 2252 et
362 2191 574 2273 quadraginta
598 2190 737 2252 denariis
768 2190 1018 2272 wyennensibus
1050 2189 1196 2252 vendidit
1220 2203 1250 2250 et
1281 2189 1453 2271 superinde
1477 2189 1568 2252 litera

308 2311 415 2360 nostra
439 2299 499 2359 sub
523 2297 677 2380 pendenti
701 2297 808 2377 sigillo
834 2309 880 2358 est
903 2296 964 2357 sibi
989 2309 1146 2360 emanata.

415 2403 492 2466 ltem
518 2402 664 2465 Thomas
687 2400 772 2463 filius
799 2402 955 2464 Johannis
979 2403 1071 2464 aliter
1095 2401 1248 2464 Thuman
1277 2400 1380 2462 dictus
1404 2401 1568 2482 quoddam

308 2511 404 2574 totale
429 2509 527 2572 fenile
545 2508 682 2571 condam
708 2509 806 2570 Blasii
831 2509 986 2571 institoris
1010 2507 1067 2570 filii
1092 2507 1221 2571 Thome
1238 2507 1471 2591 Wgrynowich
1488 2508 1570 2570 inter

309 2617 471 2699 quendam
496 2615 631 2677 fluvium
649 2615 747 2696 vulgo
765 2615 912 2676 Zernnak
941 2615 1074 2694 dictum,
1094 2616 1134 2676 ab
1163 2615 1310 2677 orientali
1327 2627 1416 2696 parte
1441 2628 1471 2676 et
1488 2615 1570 2676 inter

308 2724 392 2785 viam
417 2739 625 2784 communem
642 2741 660 2782 a
677 2721 881 2782 meridionali
907 2735 995 2803 parte
1014 2741 1050 2783 ac
1078 2721 1160 2783 inter
1176 2719 1273 2782 fenile
1297 2721 1406 2782 relicte
1431 2720 1569 2782 condam

310 2827 398 2890 Pauli
412 2827 517 2910 jurati,
529 2829 569 2890 ab
586 2827 765 2906 occidente,
782 2827 943 2890 mediante
960 2827 1101 2910 quodam
1124 2825 1242 2890 fossato
1259 2847 1295 2888 ac
1312 2827 1429 2889 dumus
1443 2829 1569 2910 spineas

310 2949 414 2998 nostre
433 2933 673 2996 communitatis
689 2947 719 2995 et
735 2934 818 2996 inter
834 2947 950 2996 terram
972 2933 1125 2996 arabilem
1145 2933 1297 3016 Stephani
1314 2933 1440 3016 pridem
1463 2933 1569 3016 jurati,

309 3040 579 3124 aseptemtrioue
603 3040 764 3102 mediante
788 3040 935 3102 similiter
966 3039 1109 3122 quodam
1141 3039 1259 3102 fossato
1292 3039 1448 3118 habitum,
1480 3041 1569 3121 quod

310 3149 429 3209 scilicet
453 3146 551 3208 fenile
575 3165 633 3229 pro
658 3146 774 3207 debitis
799 3146 943 3207 eiusdem
970 3145 1080 3225 Blasii,
1104 3147 1222 3228 quibus
1250 3145 1335 3208 idem
1360 3146 1484 3207 Blasius
1508 3147 1569 3228 ipsi

311 3254 439 3317 Thomc
465 3253 624 3315 debitorie
648 3253 862 3333 obligabatur,
887 3253 1016 3314 Andree
1048 3251 1116 3314 filio
1141 3253 1278 3314 condam
1303 3253 1455 3334 Symonis
1478 3253 1570 3315 aliter

310 3361 495 3444 Symwnich
520 3359 605 3422 dicto
630 3379 666 3421 ac
683 3379 739 3441 per
763 3381 837 3421 eum
854 3361 919 3420 suis
944 3360 1115 3422 heredibus
1132 3381 1190 3443 pro
1215 3360 1387 3422 duodecim
1413 3360 1481 3423 llor.
1500 3362 1568 3423 auri

309 3467 454 3528 vendidit
478 3479 509 3528 et
532 3466 704 3548 superinde
730 3467 820 3528 litera
845 3481 951 3528 nostra
969 3467 1177 3549 privilegialis
1201 3469 1259 3528 sub
1283 3467 1436 3548 pendenti
1461 3467 1569 3548 sigillo

310 3589 355 3636 est
379 3573 439 3634 sibi
464 3587 620 3636 emanata.

414 3680 492 3742 ltem
519 3680 685 3741 Emericus
708 3679 848 3761 agricola
873 3678 958 3741 filius
982 3679 1120 3741 condam
1151 3681 1275 3742 Nicolai
1301 3679 1380 3741 labri
1406 3681 1568 3762 quandam

309 3787 435 3848 vineam
460 3805 551 3846 suam
576 3786 608 3846 in
633 3785 795 3848 territorio
820 3799 929 3847 nostro
947 3786 1028 3847 inter
1052 3787 1162 3847 vineas
1180 3786 1308 3848 Thome
1333 3785 1389 3848 filii
1415 3786 1570 3848 lohanuis

309 3891 348 3951 de
375 3891 518 3970 Patauia,
551 3911 569 3952 a
600 3891 854 3974 septemtrionali
886 3905 975 3972 parte
1007 3890 1169 3952 mediante
1201 3891 1343 3972 quodam
1374 3890 1504 3971 fossato,
1539 3907 1571 3954 et

309 3997 484 4058 liberorum
510 4016 567 4058 scu
590 4017 810 4059 successorum
835 3997 972 4058 condam
1004 3995 1090 4058 Galli
1121 3997 1262 4077 agricole
1291 3996 1348 4059 filii
1374 3997 1465 4058 Pauli
1490 3998 1569 4059 olim

310 4103 450 4164 concivis
474 4103 586 4181 nostri,
610 4123 627 4164 a
653 4103 855 4165 meridionali
889 4117 989 4185 parte,
1014 4103 1151 4186 desuper
1182 4123 1199 4165 a
1225 4105 1275 4165 via
1300 4105 1339 4164 ab
1363 4105 1486 4166 oriente
1510 4103 1569 4166 sita

310 4223 340 4270 et
364 4207 446 4270 infra
473 4228 574 4290 usque
600 4209 806 4270 medietatem
838 4209 931 4270 vallis
965 4229 1021 4271 seu
1046 4209 1217 4272 decursum
1249 4230 1331 4292 aque
1363 4210 1513 4292 pluvialis
1537 4209 1569 4270 in

310 4315 421 4377 eadem
447 4314 619 4376 medietate
643 4315 737 4376 vallis
764 4315 961 4376 decurrentis
985 4317 1025 4377 ab
1042 4317 1208 4378 occidente
1237 4316 1381 4378 habitum
1405 4336 1438 4378 se
1463 4331 1569 4378 exten·

310 4421 451 4500 dentem,
476 4422 606 4484 Andree
631 4421 698 4483 filio
724 4423 814 4482 Pauli
840 4422 878 4482 de
904 4422 1038 4505 Breztye
1063 4443 1098 4484 ac
1130 4443 1187 4505 per
1211 4443 1285 4484 eum
1309 4424 1374 4484 suis
1398 4422 1571 4486 heredibus

310 4547 368 4610 pro
392 4540 513 4610 septem
539 4526 608 4590 flor.
633 4528 701 4589 auri
720 4527 866 4590 vendidit
883 4541 913 4589 et
930 4528 1102 4609 superinde
1123 4529 1214 4590 litera
1231 4541 1337 4591 nostra
1362 4529 1571 4611 privilegialis

310 4634 369 4694 sub
394 4633 547 4715 pendenti
575 4633 685 4716 sigillo
710 4647 756 4696 est
780 4635 840 4695 sibi
867 4647 1021 4700 emanata.
1176 4635 1179 4641 ’

418 4738 493 4800 ltem
528 4738 719 4800 Valentinus
749 4737 835 4801 filius
867 4741 1033 4802 Michaelis
1064 4741 1171 4802 senior
1205 4741 1299 4822 judex
1334 4743 1572 4805 commissarius

312 4845 417 4907 ultimi
450 4847 632 4906 testamenti
665 4847 803 4908 verbalis
834 4847 918 4908 Nese
950 4847 1094 4909 mulieris
1125 4847 1234 4908 relicte
1266 4848 1402 4908 condam
1432 4848 1571 4928 Thome,

318 4951 480 5040 quandam
504 4952 631 5018 vineam
664 4953 921 5020 condicionalem
954 4953 986 5018 in
1018 4954 1178 5020 territorio
1211 4967 1319 5023 nostro
1351 4955 1432 5022 inter
1463 4955 1572 5022 vineas
