3832 5804
438 568 497 648 14⁶
965 566 1165 644 muas·

433 780 594 864 portulani
619 793 649 841 et
673 779 755 840 inter
779 778 846 840 vias
864 797 1053 840 communes
1069 777 1227 854 habitum,
1245 775 1383 838 iohanni
1400 777 1526 839 literato
1548 774 1617 838 filio
1636 794 1694 837 suo

433 888 565 950 donavit
588 899 743 970 perpetuo
767 883 1000 968 possidendum
1025 899 1056 946 et
1076 883 1248 966 superinde
1273 896 1320 945 est
1343 883 1434 944 litera
1458 883 1517 945 sub
1541 882 1694 966 pendenti

432 995 540 1078 tigillo
564 992 805 1056 communitatis
828 1005 986 1054 emanata.

539 1119 616 1181 ltem
641 1118 780 1201 quedam
806 1116 922 1179 domus
950 1128 1073 1177 murata
1106 1135 1180 1178 curu
1211 1113 1313 1177 fundo
1348 1129 1379 1176 et
1402 1113 1558 1176 hedificiis
1589 1113 1695 1174 medie

433 1227 519 1289 curie
543 1226 575 1288 in
601 1225 684 1286 dicta
709 1224 836 1286 civitate
861 1223 943 1286 inter
974 1223 1109 1284 domurn
1141 1221 1289 1283 similiter
1320 1234 1479 1282 muratam
1504 1233 1535 1282 et
1558 1217 1694 1282 fundum

432 1353 468 1396 ac
492 1331 640 1395 hedificia
666 1331 821 1393 lobannis
845 1329 926 1391 labri
959 1329 1101 1391 concivis
1133 1328 1245 1406 nostri,
1279 1327 1441 1389 mediante
1472 1325 1584 1388 semita
1608 1345 1694 1387 corn·

432 1440 563 1501 munia
589 1453 678 1521 parte
711 1436 928 1514 meridionali,
960 1449 991 1497 et
1023 1435 1104 1496 inter
1136 1432 1270 1496 domum
1302 1433 1450 1495 similiter
1480 1445 1639 1494 muratam
1665 1445 1696 1493 et

432 1545 568 1608 fundum
594 1565 630 1606 ac
654 1541 801 1606 hedificia
826 1544 1002 1604 liberorum
1035 1561 1091 1602 seu
1122 1559 1341 1603 successorum
1375 1537 1694 1608 condamDemetrii

432 1650 518 1712 dicto
544 1651 662 1728 Sebko,
686 1669 702 1710 a
727 1647 982 1730 septemtrionali
1007 1661 1096 1729 parte
1120 1647 1190 1725 sita,
1215 1665 1287 1707 cum
1312 1645 1377 1705 suis
1400 1643 1607 1726 pertinenciis
1636 1642 1694 1704 do·

431 1757 521 1819 mino
547 1755 697 1818 Michaeli
722 1753 790 1816 filio
815 1753 978 1816 Dominici
1004 1753 1044 1815 de
1068 1751 1241 1835 Thosaych
1266 1750 1390 1812 concivi
1415 1765 1524 1811 nostro
1548 1749 1641 1811 novis
1658 1749 1695 1809 li-

431 1863 507 1926 teris
530 1861 786 1946 privilegialibus
802 1862 861 1922 sub
880 1860 1032 1944 pendenti
1050 1859 1157 1940 sigillo
1175 1857 1415 1920 communitatis
1432 1870 1547 1918 statuta
1572 1871 1603 1919 et
1620 1875 1694 1918 con-

433 1967 557 2032 firmata
582 1981 738 2052 perpetuo
763 1965 967 2050 possidenda.

485 2205 569 2278 ltem
598 2209 630 2276 in
660 2204 777 2294 vigilia
816 2205 894 2276 testi
933 2202 1186 2276 Purificacionis
1220 2205 1315 2276 beate
1344 2223 1474 2291 semper
1501 2200 1643 2291 virginis

1006 2328 1120 2398 llaric.

941 2511 982 2576 (1.
999 2497 1175 2575 februaria).

538 2659 615 2720 ltem
640 2659 802 2720 Jolrannes
819 2657 922 2719 dictus
938 2657 1091 2740 Baptista,
1105 2657 1246 2720 concivis
1264 2671 1380 2736 noster,
1397 2656 1560 2738 quandam
1577 2670 1694 2717 terram

433 2785 524 2827 suam
549 2765 701 2826 arabilem
726 2763 757 2824 in
784 2783 899 2846 campo
924 2764 1061 2826 civitatis
1084 2764 1226 2847 predicte
1256 2765 1337 2826 inter
1359 2765 1427 2824 vias
1451 2782 1640 2824 communes
1665 2776 1696 2823 et

434 2871 516 2932 inter
539 2869 674 2932 fluvium
700 2869 792 2932 llicza
818 2885 967 2932 vocatum
992 2871 1144 2950 habitam,
1169 2890 1285 2933 novem
1310 2871 1361 2932 vel
1385 2871 1462 2932 citra
1488 2869 1589 2931 dietas
1612 2882 1695 2931 terre

432 2979 464 3039 in
490 2997 522 3039 se
546 2977 777 3056 continentem,
804 2978 944 3038 Martino
967 2979 1080 3039 sartori
1105 2977 1173 3040 filio
1192 2977 1321 3039 Thorne
1345 2977 1468 3059 pridem
1493 2975 1591 3056 judici
1616 2995 1692 3037 con·

434 3084 561 3165 civique
586 3097 695 3145 nostro
720 3102 777 3165 pro
806 3083 920 3163 viginti
946 3083 1014 3146 flor.
1033 3084 1101 3145 auri
1125 3083 1270 3144 vendidit
1286 3097 1441 3166 perpetuo
1466 3082 1693 3164 possidendam

434 3203 464 3250 et
481 3188 652 3272 superinde
670 3203 716 3250 est
732 3189 792 3250 sibi
806 3189 896 3251 litera
914 3191 973 3250 sub
990 3189 1141 3271 pendenti
1156 3189 1263 3270 sigillo
1281 3188 1520 3251 communitatis
1537 3200 1695 3250 emanata.

540 3313 617 3374 ltem
642 3314 780 3374 lacobus
813 3313 975 3395 Eberspek
1008 3312 1092 3375 filius
1120 3313 1217 3374 Vlrici
1250 3313 1345 3394 judex
1376 3326 1484 3374 noster
1508 3311 1695 3388 modernus,

434 3418 637 3480 medietatem
663 3419 828 3480 cuiusdam
854 3419 971 3481 domus
994 3439 1051 3480 sue
1076 3433 1107 3480 et
1130 3415 1221 3480 fundi
1246 3440 1281 3480 ac
1306 3417 1528 3481 hedificiorum
1554 3419 1586 3479 itt
1612 3418 1696 3479 dicta

434 3525 560 3586 civitate
585 3525 667 3587 inter
691 3525 785 3587 aliam
812 3524 946 3586 domum
972 3545 1060 3586 suam
1087 3539 1118 3586 et
1143 3523 1280 3586 fundum
1309 3545 1344 3586 ac
1369 3525 1526 3603 hedificia,
1551 3545 1587 3586 ac
1613 3525 1694 3586 inter

434 3629 568 3692 fundum
594 3645 625 3692 et
649 3631 782 3692 domum
802 3631 930 3692 Thome
949 3629 1106 3693 carnificis
1123 3632 1198 3694 dicti
1218 3632 1326 3693 Pedko
1345 3631 1452 3692 habite
1470 3645 1500 3692 et
1522 3631 1695 3708 existentis,

434 3735 573 3798 mediam
599 3738 718 3799 curiam
737 3737 769 3799 in
793 3757 826 3799 se
851 3737 1055 3817 continentis,
1072 3738 1277 3800 medietatem
1297 3737 1447 3799 videlicet
1464 3737 1562 3819 ipsius
1579 3735 1695 3797 domus

433 3856 464 3904 et
488 3841 578 3904 fundi
603 3863 638 3905 ac
663 3843 898 3923 hedificiorum,
924 3863 1019 3906 unarn
1046 3843 1166 3906 scilicet
1197 3859 1342 3926 quartam
1368 3844 1455 3905 curie
1479 3844 1512 3904 in
1536 3863 1568 3903 se
1594 3843 1695 3904 conti·

433 3963 574 4028 nentem,
599 3969 671 4012 cum
695 3952 760 4014 suis
784 3952 975 4013 utilitatibus
999 3965 1029 4014 et
1046 3951 1253 4033 pertinenciis
1271 3951 1426 4013 universis
1448 3949 1609 4032 Gregorio
1629 3969 1696 4010 car-

433 4056 580 4138 pentario
604 4059 750 4118 servitori
774 4077 833 4119 suo
858 4057 926 4118 lilio
949 4058 1087 4120 condam
1114 4059 1242 4120 Martini
1261 4058 1450 4140 carpentarii
1475 4057 1608 4119 donavit
1626 4077 1696 4139 per-

432 4175 531 4245 petuo
555 4163 781 4246 possidendam
807 4179 837 4226 et
860 4164 1032 4246 superinde
1056 4165 1116 4227 sibi
1142 4179 1188 4227 est
1209 4166 1300 4226 litera
1324 4167 1383 4227 sub
1406 4165 1562 4247 pendenti
1587 4164 1696 4246 sigillo

435 4270 675 4332 communitatis
699 4283 856 4332 emanata.

540 4393 617 4454 ltem
651 4393 795 4479 Mathyas
826 4394 967 4458 carnifex
998 4395 1084 4458 filius
1108 4396 1286 4458 Clementis
1314 4397 1353 4457 de
1385 4396 1497 4474 Zreda,
1529 4394 1695 4477 quandam

434 4499 567 4561 domum
592 4519 682 4562 suam
708 4501 802 4563 unius
827 4517 937 4583 quarte
963 4523 1034 4564 cum
1060 4502 1161 4564 fundo
1180 4516 1210 4564 et
1227 4501 1382 4564 hedificiis
1406 4504 1437 4564 in
1455 4502 1538 4564 dicta
1563 4501 1692 4564 civitate

433 4604 516 4666 inter
533 4619 563 4666 et
580 4625 678 4687 penes
695 4606 828 4669 domum
846 4608 1021 4670 liberorum
1039 4609 1175 4670 condam
1194 4607 1280 4670 Galli
1293 4609 1408 4671 literati
1426 4623 1457 4670 et
1470 4607 1604 4691 provide
1623 4627 1695 4669 mu·

433 4711 520 4772 lieris
544 4714 687 4793 Agnetis,
712 4733 729 4775 a
753 4714 944 4794 meridione,
969 4729 999 4777 et
1023 4715 1134 4777 Jacobi
1152 4712 1319 4794 carnificis,
1344 4735 1361 4776 a
1385 4715 1613 4798 septemtrione
1638 4713 1695 4776 ha·

436 4816 548 4895 bitum,
573 4819 674 4880 Paulo
698 4819 839 4882 carnifici
864 4819 931 4882 filio
948 4821 1087 4883 condam
1113 4820 1196 4882 Petri
1215 4821 1354 4902 agricole
1372 4835 1406 4882 ut
1430 4821 1491 4901 jam
1516 4839 1601 4882 novo
1618 4839 1695 4882 con-

434 4923 494 4984 civi
533 4939 642 4988 nostro
674 4927 820 4988 vendidit
851 4943 1006 5010 perpetuo
1039 4927 1266 5010 possidendam
1300 4942 1330 4988 et
1360 4927 1532 5010 superinde
1564 4941 1611 4990 est
1635 4927 1695 4990 sibi

433 5030 523 5092 litera
548 5033 606 5093 sub
631 5033 782 5114 pendenti
808 5035 915 5115 sigillo
942 5035 1182 5096 communitatis
1207 5047 1363 5097 emanata.
