3832 5804
407 781 583 864 subjacenti
622 795 653 844 et
695 782 841 843 attinenti
875 781 957 843 inter
987 793 1128 842 meatum
1161 779 1238 840 dicti
1271 778 1451 840 molendini
1482 796 1513 840 et
1537 779 1669 841 fluvium

408 890 559 952 existente
594 890 626 950 in
662 889 822 950 territorio
858 903 967 950 nostro
996 902 1027 950 et
1058 887 1158 949 fluvio
1192 901 1302 948 nostro
1335 887 1418 947 inter
1452 887 1534 948 duos
1558 887 1674 948 fluvios

409 1010 534 1058 nostros
559 991 765 1078 Mathychina
790 1010 820 1057 et
845 996 980 1057 Pretoka
1012 1008 1143 1057 vocatos
1176 1013 1211 1054 ac
1236 993 1319 1054 inter
1341 993 1412 1054 loca
1437 993 1673 1055 molendinaria

406 1117 437 1166 et
461 1102 647 1165 molendina
672 1102 791 1164 nobilis
815 1102 874 1163 viri
894 1102 1033 1163 Ladislai
1058 1101 1099 1162 de
1116 1099 1258 1182 Zynche,
1283 1101 1323 1160 ab
1342 1119 1416 1176 una,
1442 1112 1473 1160 et
1497 1100 1673 1161 liberorum

405 1231 461 1273 seu
483 1229 701 1273 successorum
727 1209 864 1271 condam
891 1209 1046 1270 lobannis
1069 1206 1127 1270 filii
1154 1208 1264 1268 Jacobi
1293 1206 1368 1268 dicti
1396 1206 1497 1289 Bolye
1522 1207 1601 1268 olim
1628 1207 1674 1288 ju·

404 1319 484 1381 dicis
507 1333 539 1381 et
562 1318 704 1380 concivis
728 1318 839 1395 nostri,
863 1330 950 1398 parte
975 1336 1013 1376 ex
1037 1315 1148 1392 altera,
1180 1314 1326 1375 habiturn
1356 1326 1386 1373 et
1411 1313 1559 1392 existens,
1585 1314 1673 1395 quod

406 1425 543 1487 condam
571 1423 708 1486 Michael
734 1423 829 1506 judex
864 1421 948 1484 filius
972 1421 1150 1484 Sebastiani
1186 1419 1344 1502 religiosis
1369 1419 1446 1480 viris
1470 1417 1621 1480 fratribus
1644 1433 1674 1482 et

406 1532 578 1594 conventui
605 1529 738 1592 fratrum
763 1531 891 1592 claustri
908 1529 1009 1590 sancti
1034 1528 1196 1590 Francisci
1214 1525 1406 1589 confessoris
1431 1527 1586 1607 Zagrabie
1604 1525 1673 1587 lun-

404 1638 469 1699 dati
487 1657 544 1719 pro
560 1637 744 1718 octuaginta
761 1635 830 1698 flor.
844 1637 912 1698 auri
936 1635 1058 1697 dudum
1076 1634 1259 1716 vendi(di)t,
1280 1647 1412 1716 propter
1429 1633 1672 1716 corrupcionem

404 1743 506 1827 prime
530 1743 622 1806 litere
647 1762 705 1826 pro
730 1757 818 1824 parte
843 1743 942 1824 ipsius
961 1741 1089 1804 claustri
1113 1755 1259 1823 tempore
1276 1739 1437 1820 judicatus
1462 1739 1592 1801 Andree
1617 1737 1673 1801 filii

408 1851 490 1912 Petri
518 1850 639 1932 Saphar
663 1865 821 1926 emanate,
847 1850 968 1911 eisdem
994 1848 1143 1910 fratribus
1167 1868 1202 1909 ac
1228 1848 1287 1930 ipsi
1311 1848 1486 1910 conventui
1512 1847 1670 1934 dictorum

404 1956 537 2018 fratrum
564 1957 662 2039 ipsius
686 1957 814 2018 claustri
848 1957 948 2018 sancti
981 1955 1144 2016 Francisci
1178 1975 1262 2017 nova
1295 1955 1389 2017 litera
1414 1968 1522 2016 nostra
1547 1954 1674 2036 privile·

406 2064 483 2145 giali
508 2077 555 2125 est
579 2063 815 2127 confirmatum.

510 2169 588 2232 ltem
613 2170 766 2232 Nicolaus
792 2169 877 2232 lilius
902 2170 1056 2252 Stephani
1083 2185 1185 2248 sutor,
1206 2169 1448 2231 commissarius
1472 2181 1503 2230 et
1526 2183 1675 2230 executor

404 2277 585 2339 testamenti
609 2277 714 2340 ultimi
740 2277 873 2359 provide
909 2278 1053 2338 mulieris
1079 2276 1282 2358 Margarethe
1315 2276 1452 2357 virginis
1475 2293 1585 2336 socrus
1608 2294 1675 2355 sue,

404 2383 567 2465 quandam
590 2396 706 2445 terram
731 2383 884 2445 arabilem
910 2383 1053 2466 predicte
1078 2383 1216 2445 condam
1242 2382 1450 2464 Margarethe
1475 2381 1619 2443 mulieris
1643 2381 1674 2443 in

403 2509 518 2572 campo
543 2490 681 2552 civitatis
705 2491 847 2573 predicte
873 2491 955 2553 inter
972 2506 1071 2553 terras
1096 2490 1253 2552 Johannis
1274 2490 1368 2552 aliter
1385 2489 1472 2550 lwan
1497 2487 1601 2550 vocati
1618 2487 1674 2550 lilii

404 2595 582 2658 Clementis
607 2597 885 2682 Mykudeyewych
910 2611 941 2659 et
965 2596 1061 2660 Clare
1095 2597 1203 2658 uxoris
1230 2616 1299 2674 sue,
1331 2599 1372 2658 ab
1398 2596 1534 2674 oriente,
1558 2609 1590 2656 et
1614 2593 1674 2656 fra·

402 2717 487 2764 trum
511 2703 641 2766 claustri
666 2705 765 2765 sancti
784 2703 945 2765 Francisci
970 2701 1164 2765 confessoris
1181 2702 1342 2783 Zagrabie
1364 2700 1501 2780 fundati,
1526 2703 1565 2762 ab
1590 2701 1675 2762 occi·

405 2808 501 2870 dente
526 2808 680 2888 habitam,
705 2810 784 2870 duas
807 2811 909 2872 dietas
933 2810 1016 2870 inse
1042 2809 1274 2887 continentem,
1293 2827 1366 2870 cum
1393 2808 1458 2869 suis
1483 2807 1675 2869 utilitatibus

403 2929 435 2977 et
458 2915 667 2997 pertinenciis
692 2916 850 2978 universis
876 2915 1019 2998 Georgio
1036 2915 1175 2996 agricole
1201 2913 1268 2976 lilio
1296 2914 1449 2998 Symonis
1475 2913 1515 2976 de
1541 2913 1674 2996 Dedych

404 3041 462 3104 pro
489 3023 590 3084 tribus
614 3022 684 3086 flor.
717 3023 786 3084 auri
818 3023 965 3084 vendidit
995 3037 1152 3104 perpetuo
1178 3021 1409 3105 possidendam
1440 3035 1472 3083 et
1502 3021 1675 3103 superinde

404 3143 451 3191 est
475 3128 567 3190 litera
591 3130 650 3191 sub
674 3129 828 3211 pendenti
854 3129 961 3211 sigillo
987 3129 1227 3190 communitatis
1251 3141 1407 3190 emanata.

512 3235 591 3297 Item
616 3236 755 3317 quedam
773 3237 868 3297 vinea
893 3235 1033 3297 condam
1051 3235 1185 3296 domine
1211 3233 1378 3296 Dorothee
1403 3233 1513 3295 relicte
1537 3233 1674 3294 condam

404 3339 556 3421 Gregorii
581 3343 670 3424 parvi
688 3341 745 3403 filii
772 3341 871 3421 Galli,
891 3341 924 3403 in
941 3342 1103 3403 territorio
1122 3341 1259 3404 civitatis
1277 3341 1419 3422 predicte
1439 3341 1524 3402 inter
1548 3341 1674 3402 vineam

404 3447 586 3510 Sebastiani
605 3447 770 3528 Soldinar,
795 3449 1022 3528 ameridione,
1048 3462 1080 3510 et
1097 3449 1195 3510 Blasii
1212 3448 1378 3526 institoris,
1404 3468 1422 3508 a
1445 3448 1675 3529 septemtrione

403 3554 558 3634 habitam,
583 3554 721 3638 desuper
747 3575 763 3617 a
785 3556 836 3616 via
854 3556 1032 3634 communi,
1058 3554 1139 3616 infra
1156 3575 1257 3636 usque
1275 3555 1416 3616 rivulum
1434 3573 1466 3614 se
1489 3554 1675 3633 extendens,

402 3680 459 3742 per
483 3659 687 3742 legacionem
705 3663 804 3744 ipsius
822 3662 953 3723 domine
973 3661 1140 3724 Dorothee
1158 3661 1322 3742 Stephano
1340 3660 1443 3742 jurato
1460 3657 1528 3722 filio
1547 3660 1675 3722 Thome

402 3767 585 3849 peripsam
612 3768 780 3830 dominam
806 3768 1006 3830 Dorotheum
1032 3767 1164 3847 iactam,
1182 3767 1287 3829 eidem
1313 3766 1478 3848 Stephano
1502 3765 1607 3849 jurato
1632 3781 1677 3828 est

402 3873 647 3955 privilegialiter
678 3872 866 3936 confirmata
899 3876 959 3936 sub
992 3874 1146 3957 pendenti
1178 3873 1286 3954 sigillo
1319 3872 1560 3934 communitatis
1589 3893 1674 3934 ema.

403 3991 476 4041 nata
512 3981 565 4059 ita,
598 3981 686 4062 quod
720 3981 786 4062 ipse
821 3980 1004 4064 Stephanus
1035 3981 1158 4063 juratus
1191 3980 1230 4040 de
1263 3979 1377 4040 eadem
1409 3980 1503 4042 vinea
1527 3980 1671 4042 medium

404 4087 561 4147 eubulum
586 4087 652 4148 vini
677 4087 717 4148 ad
742 4086 866 4150 Cenam
894 4086 1026 4148 Domini
1052 4105 1179 4169 semper
1205 4087 1281 4148 dare
1307 4085 1481 4149 tenebitur.

509 4191 588 4254 ltem
614 4193 764 4274 magister
788 4193 937 4254 Mattheus
954 4192 1039 4254 filius
1063 4194 1150 4254 Luce
1181 4193 1324 4254 notarius
1347 4206 1377 4254 et
1394 4193 1536 4254 concivis
1553 4207 1674 4272 noster,

407 4297 570 4379 quandam
596 4299 723 4362 vineam
749 4299 979 4361 Krawarschalc
1004 4315 1152 4362 vocatam
1177 4301 1210 4361 in
1235 4300 1397 4362 territorio
1423 4300 1559 4362 civitatis
1588 4300 1670 4362 inter

408 4404 485 4466 alias
509 4405 619 4467 vineas
642 4425 714 4467 suas
747 4419 778 4466 et
809 4407 891 4468 inter
921 4407 1007 4467 viam
1041 4425 1248 4468 communem
1281 4407 1435 4486 habitam,
1467 4405 1571 4468 simul
1603 4425 1675 4468 curn

407 4509 527 4593 (hlorto
552 4512 658 4573 eidem
683 4513 776 4574 vinee
810 4513 946 4594 desuper
977 4512 1135 4594 adjacenti
1159 4513 1271 4590 sitam;
1304 4513 1380 4575 item
1406 4513 1567 4594 quasdam
1594 4513 1673 4575 duas

405 4617 514 4680 vineas
539 4617 678 4679 desertas
702 4619 799 4680 simul
823 4639 896 4680 cum
921 4619 1070 4700 virgultis
1096 4620 1216 4682 eisdem
1247 4620 1500 4702 subjacentibus,
1525 4619 1558 4680 in
1583 4619 1674 4681 terri-

406 4723 490 4786 torio
514 4724 663 4786 similiter
687 4738 797 4787 nostro
820 4745 878 4788 seu
903 4725 1038 4787 civitatis
1054 4725 1176 4809 prefate
1202 4727 1284 4788 inter
1300 4726 1427 4787 vineam
1446 4726 1566 4788 cultam
1592 4726 1670 4788 libe·

406 4849 514 4891 rorum
540 4829 677 4892 condam
703 4829 852 4913 Gregorii
876 4831 1027 4912 agricole,
1059 4832 1343 4914 aseptemtrione,
1375 4847 1406 4893 et
1430 4833 1513 4894 inter
1545 4833 1671 4895 vineam

408 4935 565 4998 desertam
599 4957 637 4998 ac
669 4938 842 5018 virgultum
875 4938 934 4998 sibi
967 4937 1145 5018 subjacens,
1177 4959 1194 5000 a
1227 4939 1408 5001 meridione
1440 4939 1577 5018 habitas,
1603 4959 1669 5001 sese

408 5042 559 5124 contigue
584 5057 615 5104 et
639 5043 814 5106 inmediate
839 5044 1071 5127 contingentes,
1108 5065 1182 5107 cum
1205 5046 1357 5108 omnibus
1382 5047 1523 5130 ipsarum
1548 5047 1666 5109 utilita-
