3854 5798
821 523 907 580 Anno
929 523 1023 600 1469.
1493 543 1554 607 ²73

289 733 356 800 flor.
382 747 413 795 et
436 744 575 814 quatuor
599 751 672 793 cum
698 731 804 794 media
822 733 929 814 pensis
953 733 1159 795 denariorum
1178 732 1376 796 vendidisset
1400 733 1468 816 jure
1485 754 1555 815 per·

287 853 388 920 petuo
412 837 589 901 tenendum
615 851 645 899 et
669 839 901 919 possidendum
926 853 957 902 et
974 839 1283 921 quomodocumque
1308 840 1448 901 voluerit
1470 840 1557 922 juxta

290 945 516 1008 condicionem
542 944 679 1006 civitatis
702 959 869 1027 prenotate
894 945 1144 1028 disponendum.

396 1051 474 1114 ltem
500 1043 576 1131 q'uia
600 1050 734 1132 provida
759 1051 876 1112 mulier
900 1052 1016 1113 Vrsula
1041 1065 1152 1114 vocata
1181 1071 1313 1113 consors
1338 1051 1467 1114 Thome
1492 1073 1557 1116 sar-

289 1157 367 1219 toris
390 1155 447 1218 lilii
473 1156 598 1217 Nicolai
623 1156 759 1218 senioris
783 1155 876 1236 jurati
902 1171 932 1218 et
956 1157 1098 1218 concivis
1123 1157 1222 1219 nostri
1246 1158 1394 1219 vendidit
1419 1159 1554 1220 domum

290 1278 321 1326 et
344 1261 481 1324 landum
506 1275 537 1323 et
560 1261 709 1324 hedificia
733 1261 846 1344 prelati
865 1262 993 1325 Thome
1019 1263 1148 1324 sartoris
1165 1263 1223 1324 viri
1240 1264 1289 1325 sui
1314 1264 1346 1324 in
1371 1265 1455 1326 dicta
1480 1265 1556 1326 civi-

289 1385 353 1432 tate
377 1382 409 1431 et
432 1389 530 1451 penes
555 1368 670 1429 domos
694 1383 725 1429 et
742 1367 870 1446 fundos,
895 1371 934 1429 ab
959 1389 1034 1447 una,
1051 1389 1272 1431 successorum
1298 1369 1435 1431 condam
1454 1371 1555 1432 Bene·

290 1476 367 1537 dicti
392 1475 509 1537 sutoris
535 1474 634 1536 Rosin
661 1474 748 1551 dicti,
773 1476 812 1534 ab
847 1475 956 1554 altera,
983 1476 1062 1537 Pero
1095 1489 1126 1538 et
1150 1476 1274 1538 Bencze
1307 1476 1488 1538 institorum
1513 1477 1556 1538 ci·

290 1583 377 1644 vium
403 1581 486 1644 dicte
511 1581 647 1642 civitatis
671 1581 825 1658 habitam,
860 1581 1000 1643 mediam
1033 1583 1155 1643 curiam
1180 1583 1220 1644 ad
1253 1602 1346 1643 usum
1371 1583 1454 1644 dicte
1479 1583 1554 1644 civi-

290 1688 373 1767 tatis,
398 1707 455 1769 pro
481 1687 598 1748 debitis
621 1687 767 1748 eiusdem
785 1686 915 1748 Thome
936 1689 1065 1748 sartoris
1082 1688 1200 1769 quibus
1216 1688 1284 1770 ipse
1303 1687 1448 1748 Thomas
1465 1687 1554 1749 debi-

290 1795 373 1857 torie
405 1794 497 1855 certis
531 1793 718 1854 concivibus
750 1793 867 1854 nostris
891 1793 1105 1873 obligabatur,
1131 1813 1169 1853 ex
1194 1794 1421 1854 commissione
1446 1807 1553 1854 nostra

292 1921 350 1984 pro
374 1900 498 1962 solvere
523 1899 691 1978 debendis,
716 1919 789 1960 curu
815 1901 966 1960 omnibus
983 1899 1128 1961 eiusdem
1146 1900 1262 1961 domus
1287 1900 1477 1961 utilitatibus
1495 1913 1554 1962 etc.

292 2007 426 2090 provide
450 2007 578 2068 mulieri
604 2007 720 2087 Agneti
746 2007 885 2068 consorti
908 2007 1037 2069 Thorne
1062 2008 1102 2069 de
1120 2007 1268 2090 lwanych
1294 2009 1386 2070 matri
1412 2007 1554 2088 magistri

292 2113 427 2195 Georgii
451 2112 668 2174 archidiaconi
693 2112 732 2173 de
759 2113 859 2174 Bexin
885 2126 915 2174 et
936 2114 1081 2174 canonici
1100 2113 1232 2175 ecclesie
1257 2114 1472 2194 zagrabiensis
1496 2133 1554 2196 pro

291 2219 402 2282 decern
414 2234 443 2282 et
457 2233 530 2281 octo
545 2218 613 2282 flor.
632 2219 699 2280 auri
720 2219 917 2281 vendidisset
932 2221 971 2280 de
989 2240 1148 2281 consensu
1165 2220 1344 2281 vicinorum
1370 2221 1552 2301 quomodo·

291 2345 431 2407 cumque
447 2325 535 2407 juxta
560 2325 784 2386 condicionem
803 2326 939 2387 civitatis
957 2341 1120 2407 prenotate
1145 2327 1283 2388 voluerit
1307 2325 1553 2408 disponendam.

398 2431 495 2505 Quod
521 2432 596 2512 quia
621 2431 753 2514 provida
780 2431 896 2493 mulier
920 2433 1058 2494 Barbara
1083 2447 1194 2494 vocata
1218 2433 1310 2494 aliter
1336 2434 1419 2494 Rosa
1444 2433 1554 2514 appel·

292 2539 354 2600 lata
380 2539 488 2600 relicta
514 2538 652 2599 condam
679 2539 843 2598 Benedicti
870 2539 987 2599 sutoris
1011 2540 1089 2600 olim
1115 2539 1207 2620 jurati
1233 2553 1264 2602 et
1288 2540 1430 2600 concivis
1455 2540 1554 2602 nostri

293 2645 349 2707 filii
374 2644 528 2727 Stephani
554 2645 593 2706 de
620 2644 779 2727 lwanych,
805 2664 889 2705 nunc
913 2665 989 2706 vero
1007 2665 1138 2706 consors
1163 2645 1318 2727 legittima
1343 2646 1401 2706 viri
1428 2646 1555 2728 providi

292 2765 322 2812 et
346 2751 471 2812 honesti
498 2749 631 2830 Georgii
656 2751 773 2810 sutoris
797 2749 853 2810 lilii
879 2753 979 2828 (deest)
1004 2751 1043 2812 de
1063 2751 1252 2830 Lokawecz,
1276 2753 1318 2813 ob
1342 2771 1484 2814 amorem
1509 2753 1555 2813 vi·

252 2917 255 2922 .
292 2857 360 2918 rilis
384 2857 572 2918 dileccionis
589 2856 732 2918 eiusdem
760 2854 892 2936 Georgii
911 2857 1094 2938 propinavit
1111 2858 1216 2920 eidem
1243 2856 1386 2938 Georgio
1410 2859 1480 2919 viro
1497 2877 1555 2920 suo

293 2963 498 3024 medietatem
523 2961 641 3023 domus
663 2981 720 3022 sue
744 2961 775 3022 in
810 2962 972 3024 vicinitate
1006 2963 1132 3041 domus,
1165 2964 1204 3024 ab
1231 2983 1304 3042 una,
1335 2983 1556 3026 successorum

293 3068 431 3130 condam
456 3066 588 3148 Georgii
614 3066 894 3150 Charanthowych
912 3068 986 3130 dicti
1014 3082 1044 3131 et
1061 3069 1144 3130 inter
1168 3069 1301 3130 domum
1327 3071 1460 3152 provide
1486 3090 1555 3132 rnu-

292 3173 379 3235 lieris
403 3178 512 3255 Agnes
536 3188 647 3234 vocate
680 3173 788 3234 relicte
820 3175 956 3235 condam
982 3175 1111 3236 Thome
1144 3173 1184 3236 de
1210 3175 1379 3258 lwanych,
1412 3177 1554 3238 mediam

295 3281 416 3342 curiam
441 3280 481 3342 ad
506 3299 598 3341 usum
624 3280 708 3341 dicte
734 3280 870 3341 civitatis
894 3281 927 3342 in
951 3301 983 3341 se
1002 3281 1239 3358 continentem;
1265 3283 1339 3344 item
1365 3282 1461 3345 aliam
1489 3302 1555 3345 rne-

292 3389 445 3449 dietatem
470 3387 636 3448 cuiusdam
661 3387 792 3449 alterius
818 3385 908 3448 fundi
934 3387 982 3448 sui
1008 3387 1040 3448 in
1058 3388 1129 3448 vico
1154 3389 1304 3449 exteriori
1329 3403 1475 3450 sutorum
1501 3389 1555 3451 ha·

292 3494 410 3569 bitam3
435 3493 512 3554 item
530 3494 734 3554 medietatem
753 3493 919 3555 cuiusdam
937 3507 1018 3554 terre
1036 3513 1091 3554 sue
1109 3493 1238 3555 arabilis
1255 3509 1339 3556 retro
1363 3495 1555 3576 porticulam

292 3599 375 3660 dicte
400 3599 537 3661 civitatis
561 3599 723 3680 habitam,
749 3600 823 3660 item
842 3599 1046 3660 medietatem
1073 3600 1165 3660 vinee
1183 3619 1239 3660 sue
1264 3599 1498 3661 condicionalis
1522 3601 1555 3662 in

291 3705 452 3768 territorio
476 3704 560 3766 dicte
585 3705 721 3767 civitatis
745 3706 827 3767 inter
851 3706 978 3767 vineam
1003 3706 1165 3767 Valentini
1195 3707 1310 3768 literati
1335 3705 1391 3767 filii
1417 3707 1555 3768 condam

292 3813 413 3876 Vrbani
439 3812 619 3895 chytariste,
644 3815 684 3874 ab
715 3833 790 3892 una,
822 3814 862 3873 ab
896 3812 994 3873 altera
1020 3813 1104 3873 Petri
1137 3812 1253 3875 sutoris
1285 3813 1453 3895 Zyrowich
1478 3813 1554 3874 dicti

291 3919 446 3999 habitam,
484 3921 543 3981 sub
576 3919 822 3981 condicionibus
851 3920 883 3980 in
915 3919 986 3980 aliis
1019 3920 1120 3982 literis
1155 3921 1271 3981 nostris
1301 3920 1556 4002 privilegialibus

291 4026 431 4088 dedisset
454 4039 485 4088 et
509 4026 722 4108 propinasset,
754 4026 850 4086 salvis
882 4026 952 4086 aliis
984 4026 1135 4087 omnibus
1169 4025 1297 4088 directis
1330 4024 1555 4088 medietatibus

292 4133 449 4195 dictarum
474 4132 622 4194 totalium
647 4133 899 4214 possessionum,
933 4151 1013 4213 quas
1037 4131 1150 4193 eadem
1184 4133 1321 4193 Barbara
1353 4131 1445 4192 aliter
1469 4132 1555 4194 Rosa

291 4239 374 4300 dicta
400 4257 515 4320 prose
540 4239 715 4300 literatorie
740 4238 882 4299 duxisset
907 4238 1124 4304 reservandas.

397 4344 496 4418 Quod
520 4345 594 4426 quia
620 4345 668 4405 vir
692 4344 846 4426 providus
877 4359 907 4405 et
940 4344 1092 4406 honestus
1118 4344 1283 4406 Emericus
1307 4345 1446 4424 agricola
1464 4345 1555 4410 lilius

290 4451 428 4512 condam
453 4450 616 4512 Valentini
641 4449 697 4512 filii
724 4451 814 4512 Pauli
840 4449 897 4512 filii
923 4451 1060 4511 condam
1088 4451 1185 4512 Marci
1211 4449 1267 4511 filii
1293 4450 1554 4534 Cherninowych

291 4555 330 4618 de
356 4557 431 4618 villa
458 4557 637 4619 Grabowcz
663 4557 743 4618 olim
775 4556 916 4618 concivis
949 4557 1063 4634 nostri,
1092 4556 1255 4636 quandam
1288 4557 1415 4618 vineam
1441 4556 1554 4640 prelati

292 4662 429 4724 condam
453 4663 543 4725 Pauli
569 4662 625 4724 lilii
652 4663 762 4741 Marci,
787 4663 838 4724 avi
863 4663 922 4740 sui,
949 4663 979 4723 in
1009 4662 1170 4723 territorio
1204 4676 1313 4724 nostro
1337 4683 1393 4725 seu
1418 4664 1555 4725 civitatis

292 4767 412 4851 prefate
438 4769 519 4831 inter
544 4770 653 4830 vineas
677 4769 802 4851 providi
836 4769 893 4829 viri
920 4768 1039 4830 Mathie
1073 4769 1189 4830 sutoris
1221 4768 1278 4831 lilii
1304 4769 1451 4852 Gregorii
1478 4770 1555 4831 dicti

293 4875 525 4958 Scrobothych,
550 4875 691 4937 concivis
715 4875 825 4954 nostri,
850 4876 889 4936 ab
915 4895 977 4936 una
1003 4875 1153 4936 videlicet
1182 4875 1386 4937 meridionali
1413 4890 1512 4958 parte,
1537 4897 1554 4937 a

293 4995 381 5064 parte
406 5001 482 5043 vero
507 4981 761 5064 septemtrionali
788 4981 962 5042 liberorum
982 5001 1037 5042 seu
1055 5001 1273 5042 successorum
1300 4981 1436 5043 condam
1463 4982 1554 5043 Pauli

1458 5072 1493 5134 18
