3832 5804
410 545 467 604 162
938 543 1024 598 Anno
1047 550 1135 616 1455.

1420 643 1549 648 -——-
1558 641 1665 648 --—-—-

404 755 550 816 vendidit
575 767 731 836 perpetuo
749 751 977 834 possidendam
1002 765 1032 812 et
1051 749 1224 833 superinde
1249 763 1295 811 est
1319 748 1409 810 litera
1426 747 1486 809 sibi
1511 747 1569 808 sub
1594 765 1667 828 pen·

364 837 370 844 ”
405 861 491 922 denti
518 861 625 942 sigillo
651 859 892 922 communitatis
916 871 1074 919 emanata.

511 966 587 1028 ltem
615 965 716 1027 Paulo
742 965 886 1046 arcupari
911 962 978 1025 filio
997 962 1093 1024 Blasii
1112 963 1151 1025 de
1170 963 1292 1044 oppido
1311 961 1464 1037 Werbaz,
1484 959 1670 1020 Franciscus

405 1087 494 1134 sutor
518 1071 602 1134 lilius
628 1072 783 1133 Demetrii
809 1070 942 1130 domum
975 1089 1065 1130 suam
1090 1089 1161 1130 cum
1197 1067 1299 1131 fundo
1326 1081 1356 1129 et
1390 1064 1545 1128 hedificiis
1570 1065 1600 1126 in
1625 1065 1670 1125 ri-

406 1179 533 1241 cinitate
558 1178 674 1238 domus
699 1176 875 1238 liberorum
897 1176 1035 1238 condam
1062 1176 1144 1236 Petri
1165 1175 1310 1255 Hungari
1337 1187 1368 1234 et
1394 1171 1559 1235 Michaelis
1590 1171 1670 1252 agri·

408 1286 478 1348 cole
503 1285 644 1346 habitam
680 1282 825 1343 vendidit
859 1295 1015 1364 perpetuo
1047 1281 1274 1364 possidendam
1309 1294 1340 1341 et
1370 1278 1541 1361 superinde
1566 1277 1670 1339 cidem

408 1391 507 1453 Paulo
532 1404 579 1452 est
603 1391 692 1452 litera
710 1389 769 1450 sub
787 1388 939 1470 pendenti
961 1387 1068 1468 sigillo
1088 1386 1329 1449 communitatis
1354 1397 1509 1447 emanata.

513 1497 588 1558 ltem
616 1495 721 1576 judex,
747 1493 839 1576 jurati
866 1508 895 1555 et
914 1495 1053 1556 universi
1071 1494 1155 1555 cives
1179 1513 1216 1554 ac
1243 1506 1310 1555 tota
1328 1491 1544 1554 communitas
1560 1489 1670 1552 vendi·

407 1605 522 1664 derunt
547 1601 709 1684 quandam
732 1602 858 1662 vincam
891 1599 1147 1662 condicionalem
1173 1601 1205 1661 in
1231 1599 1394 1662 territorio
1425 1597 1561 1658 civitatis
1592 1597 1673 1658 inter

408 1710 534 1770 vineam
565 1708 698 1769 Fabiani
725 1707 905 1792 Panowych
932 1721 963 1768 et
986 1719 1091 1768 nostre
1122 1705 1368 1769 communitatis
1400 1703 1540 1765 habitam
1565 1703 1673 1765 Vlrico

408 1815 608 1897 carpentario
633 1833 691 1896 pro
715 1815 816 1875 tribus
840 1813 907 1876 flor.
934 1827 1089 1895 perpetuo
1118 1812 1346 1895 possidendam
1377 1822 1409 1872 et
1432 1809 1604 1891 superinde
1628 1823 1674 1871 est

407 1922 499 1983 litera
523 1922 581 1981 sub
607 1920 759 2002 pendenti
784 1919 890 2000 sigillo
916 1920 1155 1982 communitatis
1187 1932 1342 1980 emanata.

514 2026 591 2087 ltcm
618 2025 778 2106 Georgius
802 2039 890 2086 sutor
914 2025 1018 2086 dictus
1037 2025 1179 2110 Gyuralt,
1202 2023 1345 2086 concivis
1370 2038 1485 2102 noster,
1510 2022 1671 2105 quandam

407 2135 535 2194 vineam
560 2152 615 2192 seu
640 2131 800 2192 vinealem
825 2131 1012 2212 porcionem
1038 2133 1120 2192 inter
1145 2131 1241 2192 aliam
1268 2131 1396 2194 vineam
1422 2150 1511 2192 suam
1537 2143 1568 2190 et
1592 2129 1674 2190 inter

409 2239 535 2300 vineam
562 2237 658 2298 Blasii
684 2237 819 2298 senioris
843 2236 937 2316 jurati
967 2251 998 2298 et
1031 2237 1173 2298 concivis
1205 2237 1304 2298 nostri
1337 2235 1393 2298 filii
1419 2235 1573 2318 Stephani
1598 2235 1672 2296 dicti

409 2343 654 2426 Wythesychyn
681 2343 833 2420 habitam,
866 2343 971 2404 eidem
1007 2343 1113 2404 Blasio
1147 2342 1251 2424 jurato
1283 2343 1389 2404 vicino
1413 2362 1472 2404 suo
1497 2341 1673 2404 inmediato

409 2471 467 2533 pro
492 2449 641 2512 undecim
667 2449 736 2512 flor.
761 2450 908 2512 vendidit
933 2463 1091 2532 perpetuo
1116 2450 1346 2532 possidendam
1379 2465 1409 2512 et
1433 2449 1606 2532 superinde
1630 2463 1674 2510 est

410 2557 500 2618 litera
526 2555 735 2638 privilegialis
767 2558 825 2618 sub
858 2556 1011 2637 pendenti
1036 2557 1145 2637 sigillo
1177 2556 1418 2618 communitatis
1450 2569 1608 2618 emanata.

517 2661 593 2724 Item
620 2661 780 2724 Fabianus
798 2677 886 2723 sutor
911 2662 1074 2744 quandam
1092 2663 1219 2724 vineam
1240 2683 1328 2724 suam
1353 2664 1384 2723 in
1402 2663 1564 2724 vicinitate
1582 2662 1674 2723 vince

411 2769 559 2850 Gregorii
586 2769 802 2853 Wrecbarych
829 2783 860 2830 et
876 2769 959 2830 Petri
984 2767 1134 2850 lutifiguli
1153 2769 1294 2830 habitam
1320 2767 1444 2851 prelato
1469 2769 1576 2831 Blasio
1594 2769 1674 2851 Wy-

411 2876 586 2958 thesychyn
619 2875 765 2938 vendidit
797 2891 951 2958 perpetuo
984 2875 1212 2957 possidendam
1247 2889 1277 2936 et
1309 2874 1481 2957 superinde
1514 2886 1560 2935 est
1584 2873 1675 2935 litera

411 2984 469 3044 sub
494 2981 646 3064 pendenti
670 2981 778 3061 sigillo
802 2983 1040 3043 communitatis
1065 2997 1221 3045 emanata.

518 3089 593 3151 ltem
608 3089 846 3168 (communitas)
857 3089 1061 3150 medietatem
1072 3089 1237 3150 cuiusdam
1248 3088 1328 3149 silve
1338 3099 1368 3149 et
1378 3087 1539 3169 quandam
1551 3101 1673 3169 partem

412 3195 577 3256 cuiusdam
596 3195 688 3254 vinee
706 3195 829 3255 deserte
857 3195 888 3255 in
906 3195 1065 3256 territorio
1090 3195 1226 3256 civitatis
1249 3195 1331 3256 inter
1355 3194 1434 3255 duas
1459 3194 1567 3255 vineas
1586 3213 1672 3256 com-

412 3319 525 3360 munes
535 3299 651 3376 habite,
666 3319 683 3359 a
698 3313 784 3380 parte
799 3299 1002 3361 meridionali
1021 3299 1173 3378 habitam,
1186 3301 1225 3360 ab
1243 3300 1331 3361 omni
1346 3319 1442 3360 censu
1456 3299 1511 3380 qui
1531 3299 1571 3360 ad
1585 3299 1672 3360 clau·

411 3419 509 3466 strum
536 3405 635 3466 sancti
661 3405 786 3466 Nicolai
805 3404 997 3466 confessoris
1014 3425 1115 3487 usque
1141 3425 1224 3467 nunc
1243 3407 1412 3488 provenire
1429 3407 1554 3468 solebat
1572 3405 1673 3467 Priori

411 3512 511 3572 sancti
535 3512 660 3574 Nicolai
686 3510 877 3572 confessoris
901 3511 1029 3572 claustri
1048 3513 1194 3594 predicti,
1219 3513 1384 3574 Demetrio
1401 3511 1505 3593 jurato
1529 3509 1597 3574 filio
1623 3512 1674 3573 Jo-

412 3618 526 3678 hannis
550 3632 580 3679 et
603 3617 699 3679 aliam
724 3617 930 3680 medietatem
955 3619 1101 3680 eiusdem
1125 3619 1203 3680 silve
1238 3633 1269 3681 et
1292 3619 1434 3701 predicte
1458 3619 1552 3680 vinee
1575 3618 1674 3700 majo-

412 3745 479 3787 rem
505 3725 605 3785 Paulo
632 3723 698 3786 filio
723 3723 860 3785 condam
887 3725 971 3786 Petri
995 3725 1142 3806 Hungari
1160 3745 1217 3807 pro
1242 3740 1315 3787 octo
1338 3727 1444 3807 pensis
1468 3725 1674 3787 denariorum

412 3831 559 3893 vendidit
583 3843 738 3911 perpetuo
771 3830 998 3911 possidendam
1024 3831 1125 3892 libero
1156 3831 1254 3893 modo
1279 3847 1309 3893 et
1333 3831 1505 3915 superinde
1529 3846 1576 3893 est
1599 3831 1675 3914 ipsis

411 3937 530 4020 (litera)
555 3938 613 3997 sub
638 3937 790 4018 pendenti
826 3938 933 4018 sigillo
967 3939 1206 4000 communitatis
1232 3953 1388 4000 emanata.

519 4041 595 4104 Item
621 4043 755 4124 provida
789 4044 906 4105 mulier
939 4045 1034 4105 Klara
1060 4045 1151 4106 aliter
1183 4045 1332 4128 Marycza
1365 4057 1488 4123 vocata,
1512 4044 1674 4126 quandam

413 4148 539 4209 vineam
566 4147 722 4208 Anthonii
748 4148 969 4230 Joffanowych
995 4151 1053 4211 viri
1079 4151 1217 4212 condam
1242 4151 1302 4230 sui,
1327 4149 1673 4234 Maguthenowschyalt

412 4267 569 4332 vocatam,
595 4253 626 4314 in
650 4254 811 4316 vicinitate
836 4256 929 4317 vinee
959 4256 1137 4317 liberorum
1171 4256 1307 4318 condam
1334 4257 1424 4318 Pauli
1450 4256 1673 4340 Duymowych

413 4360 566 4436 habitam,
592 4361 744 4440 magistro
768 4361 906 4423 Nicolao
933 4363 1060 4424 medico
1092 4361 1159 4424 filio
1184 4363 1320 4425 condam
1347 4363 1510 4424 Matheiko
1535 4364 1574 4424 de
1600 4363 1675 4424 Ful·

411 4466 510 4548 gynio
546 4467 605 4526 sub
631 4486 728 4528 censu
753 4481 891 4549 quatuor
916 4467 1079 4530 funtarum
1113 4489 1183 4530 cere
1209 4469 1384 4530 colendino
1409 4467 1676 4531 confraternitatis

411 4573 510 4633 sancti
537 4573 634 4632 Marci
660 4575 882 4654 proveniendo
907 4575 1053 4637 vendidit
1077 4589 1233 4658 perpetuo
1259 4576 1488 4658 possidendam
1512 4590 1543 4638 et
1566 4596 1675 4660 super·

412 4679 486 4739 inde
511 4691 557 4739 est
580 4679 639 4739 sibi
665 4679 755 4742 litera
781 4683 840 4742 sub
866 4682 1018 4762 pendenti
1044 4682 1151 4762 sigillo
1176 4682 1420 4745 communitatis
1444 4696 1601 4748 emanata.

518 4785 594 4844 Item
621 4785 716 4869 Elyas
741 4801 828 4847 sutor
853 4786 937 4848 filius
963 4788 1117 4872 Symonis
1142 4789 1181 4849 de
1207 4787 1465 4872 Grabrownycza
1489 4804 1520 4851 et
1544 4790 1673 4851 domina

414 4891 551 4952 Barbara
577 4891 685 4952 relicta
704 4893 841 4953 condam
868 4893 957 4954 Pauli
975 4894 1133 4956 sellatoris
1158 4894 1233 4956 dicti
1252 4895 1401 4978 Tolway,
1419 4897 1577 4978 quosdam
1595 4896 1674 4958 duos

417 4995 554 5080 (h)ortos
579 5016 690 5059 eorum
717 5013 802 5060 extra
825 5001 950 5061 Novam
975 5013 1100 5083 portam
1117 5002 1253 5064 civitatis
1276 5003 1419 5085 predicte
1436 5003 1517 5065 inter
1541 5002 1674 5087 (h)0rtos
