3816 5802
795 517 882 575 Am
904 529 996 593 1445·
1487 535 1525 596 57

264 729 348 790 Luce
373 729 513 810 agricole
538 727 657 806 habite,
671 728 858 809 porcionem
877 727 1026 788 videlicet
1050 747 1152 807 suam,
1172 749 1268 791 unam
1293 728 1413 792 scilicet
1431 747 1524 810 quar·

262 851 326 898 tarn
351 837 438 898 curie
464 837 496 898 in
519 857 553 898 se
578 836 780 912 retinentem,
797 854 869 896 cum
895 835 960 896 suis
980 834 1173 898 utilitatibus
1189 850 1219 898 et
1236 835 1440 918 pertinenciis
1458 835 1526 896 uni·

266 944 363 1005 versis
399 943 574 1006 Benedicto
607 943 780 1025 portulano
812 939 879 1002 filio
913 940 1053 1022 Mathye,
1078 942 1203 1004 concivi
1236 957 1357 1019 nostro,
1381 962 1419 1002 ex
1452 961 1528 1003 con-

263 1069 359 1112 sensu
395 1050 575 1112 vicinorum
612 1045 828 1131 predictorum
862 1046 1008 1109 vendidit
1043 1061 1199 1130 perpetuo
1235 1047 1462 1130 possidendam
1498 1062 1528 1108 ct

262 1155 433 1238 superinde
458 1155 564 1218 eidem
590 1153 765 1216 Benedicta
791 1153 963 1236 portulano
985 1165 1032 1215 est
1048 1153 1140 1216 litera
1166 1155 1226 1216 sub
1243 1152 1395 1237 pendenti
1420 1153 1527 1236 sigillo

264 1263 504 1324 communitatis
536 1261 780 1346 privilegialiter
801 1259 946 1322 conlecta
971 1275 1002 1322 et
1025 1275 1181 1326 emanata.

371 1369 450 1432 ltent
476 1367 669 1431 Benedictus
693 1367 797 1429 dictus
831 1367 934 1429 Bensa
970 1366 1055 1430 lilius
1087 1367 1200 1450 prelati
1233 1367 1398 1431 Michaelis
1431 1367 1526 1430 Seba-

266 1475 357 1536 stiani
383 1489 414 1538 et
437 1476 550 1537 Vrsula
576 1473 682 1556 puella
708 1493 798 1536 soror
824 1473 969 1536 eiusdem
1003 1475 1167 1537 Benedicti
1201 1473 1265 1536 lilia
1304 1493 1380 1536 vero
1413 1472 1525 1556 prefati

267 1581 433 1644 Michaelis
466 1582 655 1661 Sebastiam,
688 1581 845 1664 quosdam
882 1578 964 1642 duos
995 1580 1129 1662 (h)ortos
1163 1601 1275 1644 eorum
1309 1581 1341 1644 in
1372 1581 1528 1643 suburbio

266 1689 403 1752 civitatis
440 1708 539 1772 prope
576 1687 698 1751 lentem
741 1707 797 1749 seu
837 1702 969 1769 puteum
1003 1687 1229 1750 Mandusewcz
1262 1701 1411 1750 vocatum
1447 1687 1529 1750 inter

264 1795 362 1856 alium
388 1793 542 1877 (h)ortum
560 1793 704 1857 eiusdem
730 1794 842 1856 Vrsule
860 1793 1016 1873 mulieris,
1039 1793 1264 1873 ameridione,
1288 1807 1319 1856 et
1344 1794 1425 1856 inter
1443 1793 1527 1856 viam

265 1920 471 1964 communem
507 1922 524 1964 a
549 1902 777 1984 septemtrione
803 1901 956 1980 habitam,
981 1901 1069 1980 sitos,
1105 1921 1173 1964 sese
1197 1901 1348 1984 contigue
1372 1915 1403 1962 et
1427 1901 1527 1962 inme·

266 2008 350 2070 diate
375 2009 608 2089 contingentes,
626 2006 750 2091 prelato
776 2007 952 2069 Benedicto
969 2007 1140 2089 portulano
1161 2027 1219 2090 pro
1237 2007 1349 2071 decem
1374 2006 1441 2070 flor.
1459 2007 1526 2068 auri

267 2113 480 2176 vendiderunt
505 2129 661 2197 perpetuo
686 2113 899 2196 possidendos
923 2127 953 2175 et
977 2113 1150 2196 superinde
1183 2128 1229 2176 est
1253 2114 1344 2177 litera
1368 2116 1427 2176 sub
1452 2133 1529 2196 pen-

268 2219 355 2283 denti
379 2220 487 2302 sigillo
511 2221 752 2283 communitatis
776 2219 1017 2301 privilegialiter
1041 2219 1187 2282 conlecta
1212 2233 1242 2282 et
1266 2233 1423 2282 emanata.

373 2327 450 2390 Item
476 2341 542 2389 tota
567 2327 683 2388 domus
708 2327 812 2388 medie
837 2327 924 2387 curie
952 2327 1049 2388 simul
1075 2346 1146 2388 cum
1180 2325 1283 2390 laudo
1308 2341 1338 2388 et
1362 2323 1529 2402 hedificiis,

268 2433 403 2515 aliisque
428 2435 549 2497 cunctis
573 2435 638 2496 suis
662 2433 855 2497 utilitatibus
879 2449 910 2496 et
942 2434 1149 2516 pertinenciis
1174 2433 1342 2512 universis,
1366 2452 1429 2514 que
1454 2451 1528 2494 con·

267 2541 339 2602 dam
367 2541 545 2603 Sebastiani
570 2541 722 2622 pincerne
748 2538 918 2622 prefuerat,
943 2560 1000 2622 per
1033 2540 1257 2602 vendicionem
1284 2539 1393 2602 relicte
1418 2552 1448 2600 et
1470 2535 1528 2600 fili·

266 2666 358 2708 orum
383 2647 483 2729 ipsius
508 2647 662 2729 Stephani
688 2648 851 2729 pincerne,
875 2666 911 2708 ac
944 2665 1000 2728 per
1024 2646 1250 2708 vendicionem
1275 2645 1391 2706 Marini
1417 2643 1530 2724 judicis

266 2755 481 2836 procuratoris
506 2753 655 2836 legittimi
674 2754 875 2834 Margarethc
893 2753 1001 2814 relicte
1018 2753 1154 2814 condam
1174 2751 1302 2835 Mathye
1320 2749 1376 2814 filii
1402 2749 1529 2813 Cweth·

267 2861 370 2938 lonis,
394 2859 533 2923 iohanni
558 2861 645 2922 dicto
671 2860 754 2921 lwan
774 2859 931 2941 Chaplich
957 2879 993 2920 ae
1018 2879 1074 2941 per
1098 2878 1172 2920 eum
1197 2863 1291 2920 Anne
1317 2857 1455 2920 consorti
1473 2876 1529 2918 sue

267 2966 422 3048 legittime
447 2981 493 3030 est
516 2969 576 3028 sub
602 2967 754 3049 pendenti
779 2965 887 3048 sigillo
920 2966 1159 3029 communitatis
1191 2965 1431 3047 privilegialiter
1455 2983 1529 3026 con-

266 3071 390 3136 firmata
415 3087 571 3155 perpetuo
596 3071 800 3155 possidenda.

373 3181 452 3242 Item
483 3179 598 3242 totales
630 3181 848 3262 possessiones
880 3193 910 3240 et
943 3179 1113 3261 porciones
1148 3177 1396 3262 possessionarie
1429 3177 1530 3238 Eleae

267 3285 359 3348 aliter
384 3287 468 3348 Rosa
494 3300 605 3348 vocate
630 3285 695 3348 filie
712 3285 876 3348 Valentini
901 3285 1085 3348 stationarii
1103 3285 1135 3346 in
1153 3286 1236 3348 dicta
1261 3285 1391 3348 civitate
1416 3283 1531 3347 eteius

269 3393 429 3454 territorio
454 3391 588 3472 habitas,
613 3391 728 3474 quovis
745 3392 886 3454 nominis
912 3391 1070 3454 vocabulo
1088 3393 1251 3470 vocitatas,
1276 3391 1419 3454 Marinus
1435 3390 1530 3471 judex

268 3512 298 3560 et
321 3499 513 3561 Valentinus
537 3499 658 3581 juratus
681 3518 717 3560 ac
742 3499 868 3561 Blasius
892 3497 1012 3578 juratus
1042 3497 1201 3580 Gregorio
1225 3497 1292 3560 filio
1317 3497 1450 3580 predicti
1470 3497 1528 3560 Va-

267 3605 380 3667 lentini
405 3605 587 3668 stacionarii
611 3603 698 3667 fratri
724 3605 824 3688 ipsius
850 3605 950 3666 Elene
972 3605 1117 3668 mulieris
1141 3625 1200 3688 pro
1225 3623 1341 3666 novem
1367 3603 1436 3668 flor.
1461 3604 1529 3666 auri

267 3707 482 3774 vendiderunt
506 3727 662 3795 perpetuo
686 3711 897 3794 possidendas
921 3725 951 3772 et
983 3712 1154 3794 superinde
1186 3724 1232 3773 est
1255 3711 1345 3773 litera
1369 3713 1428 3772 sub
1453 3729 1529 3792 pen·

266 3817 353 3880 denti
378 3819 485 3900 sigillo
510 3819 751 3881 communitatis
776 3819 836 3880 sibi
861 3816 1006 3880 confecta
1031 3832 1061 3879 et
1086 3831 1242 3882 emanata.

372 3925 450 3987 ltem
475 3925 652 4008 Elyzabeth
677 3925 786 3986 relicta
811 3925 948 3986 condam
974 3925 1102 3986 Andree
1137 3924 1177 3986 de
1202 3925 1410 3987 Wlltomercz
1446 3943 1529 3986 nunc

265 4049 397 4094 consors
421 4031 577 4112 legittima
610 4031 700 4093 Pauli
733 4030 890 4094 carnificis
921 4029 979 4092 filii
1009 4031 1148 4104 Thome,
1182 4047 1299 4093 rectam
1326 4045 1357 4095 et
1381 4031 1529 4112 equalem

265 4135 472 4199 medietatem
497 4138 665 4199 cuiusdam
689 4138 783 4200 vinee
807 4151 838 4199 et
863 4136 988 4199 ltouche
1012 4137 1072 4198 sibi
1097 4157 1193 4220 super
1217 4137 1358 4219 jacentis,
1384 4137 1414 4198 in
1440 4137 1556 4198 terri·

265 4243 348 4304 torio
373 4243 510 4304 civitatis
535 4243 617 4306 inter
641 4243 769 4306 vineam
795 4243 929 4326 predicti
960 4243 1049 4306 Pauli
1075 4242 1232 4306 carnificis
1257 4257 1288 4306 et
1312 4243 1444 4325 Georgii
1470 4242 1528 4305 filii

264 4349 403 4412 condam
429 4349 583 4432 Stephani
609 4349 727 4428 habite,
752 4350 853 4432 ipsam
889 4369 946 4432 pro
978 4350 1133 4431 porcione
1158 4371 1214 4411 sua
1245 4350 1313 4430 jure
1338 4350 1530 4412 hereditario

265 4454 430 4538 aprelato
456 4457 583 4518 Andree
611 4456 716 4538 priore
751 4458 821 4517 viro
844 4475 904 4518 suo
935 4457 1093 4537 legittimo
1127 4472 1383 4535 conternantem,
1407 4455 1531 4540 prelato

265 4562 367 4624 Paulo
390 4560 531 4624 carnifici
556 4562 713 4624 moderno
737 4564 806 4624 viro
831 4582 889 4624 suo
915 4563 1075 4644 legittimo
1099 4563 1231 4625 donavit
1255 4577 1412 4646 perpetuo
1429 4565 1529 4645 possi·

267 4667 404 4730 dendam
430 4683 461 4731 et
484 4668 656 4752 superinde
681 4669 741 4731 sibi
767 4683 813 4730 est
839 4669 932 4730 litera
955 4671 1014 4731 sub
1039 4669 1192 4751 pendenti
1220 4671 1327 4752 sigillo
1351 4671 1531 4732 communi-

268 4776 340 4836 tatis
368 4791 524 4839 emanata.

374 4880 452 4944 ltem
479 4881 615 4944 Michael
640 4879 728 4943 labet
760 4880 845 4944 filius
870 4881 1029 4962 Gregorii,
1055 4899 1212 4966 protunc
1246 4899 1353 4946 noster
1377 4885 1530 4964 concivis,

270 4987 431 5068 quandam
458 4988 591 5050 domum
624 5007 713 5050 suam
749 4989 889 5068 ligneam
924 5007 994 5050 cum
1030 4987 1129 5051 tundo
1156 5004 1186 5052 et
1220 4989 1376 5054 hedificiis
1404 4992 1434 5052 in
1460 4993 1531 5054 vico
