3854 5798
717 1607 831 1696 Auno
858 1607 1016 1695 Domini
1043 1605 1349 1710 monocolon.)

401 1943 491 2020 ltem
520 1943 553 2019 in
588 1967 681 2020 anno
710 1941 854 2020 Domini
890 1945 1079 2022 millesimo
1117 1946 1472 2046 quadringentesimo
1511 1971 1668 2048 sexage-

403 2068 494 2143 simo
524 2092 641 2159 nono,
669 2075 835 2168 ternpore
860 2067 1042 2166 judicatus
1079 2070 1144 2144 viri
1180 2070 1317 2170 providi
1348 2078 1386 2145 et
1417 2070 1669 2172 circumspecti

402 2192 547 2270 Andree
575 2191 634 2267 frlii
665 2189 847 2293 Symonis‚
867 2192 958 2270 feria
985 2194 1101 2270 tercia
1120 2194 1282 2294 proxima
1303 2203 1388 2270 ante
1407 2194 1540 2270 festum
1569 2195 1668 2270 Puri-

402 2315 584 2392 ficacionis
623 2317 731 2392 beate
759 2315 873 2394 Marie
910 2318 1059 2417 virginis
1088 2320 1249 2418 proxime
1276 2327 1473 2412 venturum,
1502 2321 1669 2419 (presens

403 2439 609 2516 cathernum
641 2447 700 2515 est
727 2439 878 2539 factum)
909 2465 1017 2541 super
1037 2442 1300 2540 registracione
1329 2450 1365 2517 et
1387 2443 1668 2542 consignacione

402 2563 584 2639 literarum
609 2563 883 2663 privilegialium
917 2566 1043 2640 civium
1071 2573 1110 2640 et
1145 2556 1423 2641 inhabitatorum
1460 2567 1557 2668 dicte
1586 2567 1668 2642 civi·

666 2689 764 2779 tatis,
794 2687 902 2763 modo
932 2697 970 2763 et
997 2689 1121 2763 ordine
1155 2687 1403 2789 infrascriptis.

909 2967 970 3032 (31.
986 2957 1152 3032 januarii).

511 3111 587 3174 ltenl
621 3112 696 3194 quia
728 3113 776 3173 vir
807 3112 961 3195 providus
995 3126 1026 3174 et
1057 3113 1305 3195 circumspectus
1337 3113 1538 3176 Valentinus¹
1557 3114 1670 3176 senior

402 3218 498 3299 judex
523 3233 554 3279 et
577 3219 656 3280 civis
679 3218 763 3280 dicte
790 3218 926 3280 civitatis
943 3217 1027 3280 filius
1048 3219 1186 3280 condam
1205 3219 1371 3281 Michaelis
1387 3220 1463 3282 dicti
1489 3220 1665 3302 Saronych‚

403 3325 434 3386 in
460 3345 517 3386 sua
542 3344 578 3386 ac
603 3324 736 3407 provide
762 3324 905 3386 mulieris
929 3322 1024 3386 Clara
1044 3339 1156 3387 vocate
1180 3325 1271 3386 aliter
1291 3325 1477 3408 Gasparyna
1501 3326 1668 3388 nominate

403 3430 570 3510 consortis,
595 3450 743 3492 necnon
769 3431 943 3508 Dominici‚
968 3429 1112 3511 Georgii,
1138 3432 1235 3494 Marci
1265 3451 1301 3492 ac
1324 3431 1488 3494 Valentini
1514 3431 1664 3510 filiorum,

403 3552 463 3598 nec
485 3556 551 3598 non
577 3535 751 3598 Katherina
776 3549 807 3598 et
832 3535 994 3598 Dorothea
1027 3549 1212 3598 vocatarum
1245 3535 1384 3598 filiarum
1409 3555 1550 3615 suarum,
1575 3537 1607 3598 in
1631 3556 1664 3598 se

403 3643 509 3725 ipsum
534 3661 590 3724 per
621 3642 731 3703 omnia
764 3642 916 3703 oneribus
948 3643 1136 3704 eorumdem
1170 3643 1322 3726 receptis,
1353 3643 1393 3704 ab
1418 3662 1492 3720 una,
1517 3662 1663 3705 necnon

403 3747 541 3810 Michael
565 3747 651 3810 filius
676 3747 819 3809 eiusdem
837 3748 1000 3808 Valentini
1018 3747 1132 3828 judicis
1157 3769 1193 3809 ex
1211 3750 1348 3811 condam
1373 3749 1508 3831 provida
1532 3748 1664 3810 domina

404 3854 504 3915 Elena
529 3853 622 3915 aliter
638 3853 728 3915 Jellra
745 3867 857 3915 vocata
874 3853 980 3936 priore
997 3868 1144 3916 consorte
1163 3855 1262 3936 ipsius
1278 3854 1440 3916 Valentini
1464 3853 1580 3936 judicis
1596 3852 1662 3916 filia

403 3979 480 4022 vero
494 3958 660 4022 Michaelis
676 3958 791 4040 judicis
807 3958 864 4020 filii
882 3959 1060 4020 Sebastiani
1081 3960 1279 4041 progenitus,
1297 3974 1385 4042 parte
1401 3961 1441 4022 ab
1458 3960 1557 4022 altera
1573 3959 1660 4021 sitni-

403 4066 474 4127 liter
491 4085 587 4128 omne
605 4084 687 4126 onus
704 4080 734 4126 et
749 4085 921 4146 gravamen
940 4066 1086 4126 omnium
1100 4064 1254 4127 heredum
1273 4085 1405 4128 suorum
1419 4067 1620 4148 presencium
1634 4079 1665 4127 et

403 4171 583 4234 futurorum
609 4171 640 4232 in
665 4191 697 4232 se
724 4173 827 4253 ipsum
846 4192 903 4253 per
919 4172 1027 4233 omnia
1053 4171 1258 4250 assumendo,
1276 4185 1418 4234 nostram
1442 4173 1607 4234 venientes
1630 4172 1665 4234 iu

402 4277 601 4360 presenciam
626 4275 762 4338 confessi
787 4278 909 4339 suntin
935 4276 1020 4339 hunc
1042 4278 1187 4356 modum,
1212 4291 1247 4338 ut
1264 4277 1324 4360 ipsi
1348 4278 1389 4339 de
1413 4277 1570 4339 universis
1592 4297 1666 4361 pos-

402 4385 598 4446 sessionibus
622 4397 653 4446 et
677 4385 885 4466 porcionibus
917 4385 1061 4466 ipsorum
1093 4385 1362 4466 possessionariis,
1387 4403 1446 4445 nec
1479 4403 1545 4446 non
1571 4384 1667 4446 rebus

403 4506 434 4554 et
458 4491 551 4553 bonis
575 4491 718 4574 ipsorum
743 4491 774 4551 in
800 4490 884 4552 dicta
909 4491 1036 4552 civitate
1061 4491 1184 4552 eteius
1216 4491 1378 4552 territorio
1403 4488 1522 4551 habitis
1545 4503 1576 4551 et
1599 4489 1665 4551 exi·

402 4597 569 4676 mentibus,
587 4599 673 4679 ipsos
695 4609 758 4658 tarn
785 4597 976 4658 hereditario
989 4616 1086 4678 quam
1111 4597 1290 4678 empcionis
1302 4615 1359 4658 seu
1382 4596 1447 4657 alio
1464 4595 1580 4678 quovis
1598 4595 1668 4677 jure

402 4699 607 4785 tangentibus
625 4717 655 4766 et
672 4703 938 4764 concernentibus
956 4701 1164 4785 infrascriptis
1183 4703 1279 4765 talem
1298 4701 1446 4764 fecissent
1471 4701 1667 4764 divisionem

404 4824 520 4872 rectam
547 4823 578 4872 et
602 4809 749 4890 equalem
777 4809 858 4870 inter
882 4808 1012 4869 eosdem
1035 4823 1191 4890 perpetuo
1216 4808 1421 4870 duraturam:
1445 4807 1534 4889 quod
1559 4807 1665 4890 primo

403 4935 528 4977 camera
542 4928 665 4976 murata
690 4933 762 4976 curn
777 4913 918 4976 fumorio
931 4914 1078 4976 similiter
1090 4929 1214 4976 murato
1229 4914 1405 4996 desuperet
1416 4911 1551 4976 iuferius
1563 4932 1668 4994 usque

402 5037 518 5085 terram
552 5022 582 5082 in
614 5021 783 5104 posteriori
807 5035 896 5103 parte
928 5021 1043 5102 palacii
1064 5040 1100 5082 ac
1124 5021 1303 5083 stacionum
1327 5032 1524 5082 muratarum
1550 5019 1687 5101 habita„
