3832 5804
386 549 445 610 160
759 620 763 629 Ι
907 549 1109 626 Ann01455.

381 760 633 824 satisfaccionem
660 761 761 823 t'acere
789 761 903 840 voluit,
936 782 994 823 nec
1019 761 1108 822 dacia
1141 761 1348 822 dominorum
1373 775 1555 822 nostrorum
1581 781 1638 822 nec

380 883 503 929 nostras
527 887 716 930 communes
740 881 828 929 taxas
845 869 1028 949 persolvere
1046 868 1158 946 voluit,
1176 888 1234 928 nec
1259 867 1360 928 eciam
1385 867 1539 930 Nicolaus
1555 883 1643 928 sutor

380 993 479 1055 gener
509 974 652 1036 eiusdem
684 973 832 1054 Gregorii
865 974 1082 1058 Wrccbarych
1114 975 1234 1056 pluries
1266 994 1322 1055 per
1354 994 1412 1035 nos
1444 975 1640 1036 ammonitus

381 1081 516 1142 eandem
541 1081 675 1142 domum
700 1101 757 1163 pro
790 1081 939 1162 predictis
973 1081 1122 1162 dampnis
1154 1093 1185 1141 et
1215 1080 1313 1140 daciis
1346 1101 1382 1142 ac
1414 1081 1495 1141 taxis
1520 1081 1641 1162 aliqua-

380 1202 472 1249 tenus
497 1188 654 1250 redimere
679 1188 792 1249 voluit.

486 1295 563 1355 Item
588 1295 728 1376 quedam
753 1293 869 1356 domus
893 1294 989 1355 simul
1012 1314 1084 1356 cum
1107 1293 1207 1356 fundo
1233 1309 1263 1356 et
1287 1295 1404 1358 celario
1428 1296 1637 1356 subterraneo

379 1421 414 1463 ac
426 1399 581 1462 hedificiis
594 1401 625 1462 in
640 1401 722 1462 dicta
741 1401 868 1462 civitate
883 1401 965 1461 inter
982 1399 1115 1462 domum
1132 1401 1287 1462 Demetrii
1301 1401 1416 1462 rasoris
1433 1401 1638 1484 pann(or)um

380 1523 411 1569 et
434 1508 563 1569 Andree
588 1528 624 1568 ac
649 1507 804 1568 Anthouii
828 1508 945 1570 sutoris
978 1507 1096 1586 habita,
1123 1521 1185 1570 tres
1218 1521 1346 1591 quartas
1370 1509 1455 1570 curie
1480 1508 1520 1569 ad
1544 1527 1637 1569 usum

381 1613 515 1676 civitatis
539 1613 660 1694 prefate
685 1615 716 1674 in
741 1634 773 1675 se
798 1614 977 1692 continens,
1010 1633 1083 1675 cum
1116 1615 1267 1676 omnibus
1298 1615 1363 1676 suis
1388 1613 1582 1676 utilitatibus
1606 1627 1637 1674 et

380 1720 584 1802 pertinenciis
609 1720 766 1781 universis
798 1720 950 1802 magistro
982 1721 1118 1782 Nicolao
1150 1722 1276 1783 medico
1308 1720 1375 1784 filio
1407 1721 1549 1800 magistri
1575 1721 1643 1782 Ma·

379 1826 479 1888 theoli
512 1827 551 1888 de
584 1827 747 1908 Fulginio,
779 1845 835 1907 per
867 1827 1080 1888 donacionem
1114 1826 1245 1888 domine
1279 1827 1452 1889 Katherine
1479 1825 1640 1888 comitisse

380 1933 588 1994 literatoriam
625 1947 671 1994 est
706 1933 805 1993 literis
837 1933 1090 2014 privilegialibus
1122 1935 1180 1994 sub
1221 1934 1373 2015 pendenti
1415 1934 1522 2015 sigillo
1556 1951 1642 1993 com·

380 2039 545 2100 munitatis
569 2051 726 2100 emanata.
755 2043 830 2117 (sic.)

423 2259 504 2330 Item
534 2241 619 2330 feria
647 2267 747 2330 sexta
777 2258 932 2347 proxima
962 2267 1040 2330 ante
1069 2261 1190 2331 festum
1219 2259 1474 2332 Purificacionis
1504 2259 1598 2330 beate

801 2403 932 2472 semper
959 2383 1101 2472 virginis
1130 2384 1245 2456 Maria.

890 2553 951 2616 (31.
968 2541 1134 2615 januarii).

485 2677 563 2739 item
590 2678 764 2740 Benedicto
789 2677 856 2740 filio
882 2679 1011 2739 Martini
1036 2678 1075 2740 de
1094 2678 1259 2740 Kralewcz
1282 2677 1380 2758 judici
1409 2677 1575 2759 provincie
1599 2679 1638 2740 ad

380 2797 517 2846 castrum
544 2784 693 2846 Medwed
719 2784 919 2866 pertinentis,
943 2803 1039 2865 super
1055 2784 1148 2845 vinea
1175 2785 1260 2844 Luce
1285 2781 1341 2844 filii
1362 2783 1495 2864 Georgii
1519 2785 1642 2868 Wyecz

379 2893 419 2952 de
444 2891 611 2952 Kralewcz
636 2890 791 2971 predicta,
816 2891 847 2952 in
872 2905 982 2952 monte
1000 2889 1253 2974 Thoplyehycza
1270 2903 1396 2968 vocato,
1421 2891 1453 2950 in
1479 2889 1643 2951 vicinitate

379 2999 471 3058 vinee
504 2997 646 3058 eiusdem
680 2997 845 3059 Benedicti
878 2998 917 3059 de
951 2997 1033 3058 dicta
1068 2998 1232 3059 Kralewcz
1265 2996 1393 3074 habite,
1425 3015 1522 3077 quam
1556 2995 1642 3056 idem

380 3105 482 3165 Lucas
506 3103 566 3185 ipsi
591 3103 766 3164 Benedicto
790 3103 936 3164 vendidit
966 3117 1122 3184 perpetuo
1148 3103 1374 3187 possidendam
1393 3115 1439 3163 est
1463 3101 1554 3163 litera
1580 3102 1639 3162 sub

380 3209 531 3292 pendenti
557 3209 664 3291 sigillo
692 3210 933 3272 communitatis
958 3225 1113 3272 emanata.

485 3316 561 3378 item
587 3317 693 3378 eidem
720 3317 895 3378 Benedicto
919 3316 1017 3397 judici
1043 3317 1082 3378 de
1108 3317 1191 3378 dicta
1217 3316 1381 3378 Kralewcz
1406 3335 1501 3398 super
1526 3315 1639 3376 eadem

379 3423 440 3484 alia
465 3424 557 3484 vinea
583 3423 735 3504 predicta,
760 3443 857 3504 quam
874 3423 1064 3496 Valentinus
1089 3422 1184 3484 frater
1207 3422 1341 3504 predicti
1364 3423 1449 3484 Luce
1474 3422 1535 3483 sibi
1561 3441 1637 3482 ven·

379 3529 472 3608 didit,
497 3545 543 3591 est
568 3531 657 3592 litera
689 3533 748 3592 sub
774 3530 926 3612 pendenti
959 3530 1066 3610 sigillo
1091 3529 1330 3590 communitatis
1355 3543 1512 3592 emanata.

488 3635 564 3696 Item
583 3635 688 3697 eidem
708 3637 881 3698 Benedicto
900 3636 997 3716 judici
1020 3637 1209 3718 provinciali
1223 3649 1270 3698 est
1280 3649 1424 3696 emanata
1442 3635 1533 3696 litera
1544 3634 1640 3716 privi-

379 3741 504 3822 legialis
528 3744 587 3803 sub
605 3743 756 3825 pendenti
774 3743 881 3823 sigillo
907 3743 1147 3804 communitatis
1170 3763 1265 3824 super
1289 3743 1382 3803 vinea
1408 3741 1533 3802 Nicolai
1559 3741 1642 3802 Kus-

379 3848 497 3930 kosych
524 3849 554 3908 in
580 3863 690 3910 monte
716 3849 969 3931 Thoplyehycza
995 3863 1119 3926 vocato,
1145 3869 1242 3930 quam
1274 3849 1359 3909 idem
1386 3848 1578 3909 Benedictus
1601 3849 1641 3908 ab

379 3955 449 4036 ipso
474 3955 681 4036 comparavit.

486 4060 563 4121 Item
589 4062 715 4121 Marcus
740 4062 842 4122 dictus
868 4061 1013 4146 Fynthak
1039 4061 1078 4123 de
1104 4061 1270 4123 Kralewcz
1299 4062 1452 4144 predicta,
1478 4061 1642 4142 quandam

378 4167 506 4228 vineam
532 4185 622 4228 suam
648 4167 678 4227 in
712 4168 826 4228 eodem
862 4183 970 4230 monte
1003 4169 1088 4230 dicto
1121 4167 1362 4250 Thoplichycza
1395 4181 1521 4244 vocato,
1553 4167 1639 4246 juxta

378 4287 527 4335 contenta
543 4273 705 4334 literarum
720 4274 967 4355 privilegialium
986 4274 1138 4353 habitam,
1156 4273 1279 4356 prefato
1306 4274 1480 4336 Benedicto
1494 4273 1641 4335 vendidit

380 4395 536 4462 perpetuo
550 4380 788 4462 possidendam,
810 4400 906 4461 quam
924 4381 1009 4442 idem
1037 4381 1228 4443 Benedictus
1245 4381 1346 4442 Elene
1370 4381 1524 4441 servitrici
1540 4401 1595 4442 sue
1610 4396 1642 4441 et

379 4506 435 4568 per
460 4506 530 4548 eam
556 4485 699 4567 Georgio
724 4488 793 4548 viro
811 4506 869 4548 suo
894 4487 1027 4550 donavit
1051 4502 1207 4570 perpetuo
1224 4487 1452 4570 possidendam
1477 4502 1508 4549 et
1531 4507 1642 4568 super·

379 4593 453 4653 inde
478 4613 536 4674 pro
554 4607 688 4674 utraque
713 4607 802 4674 parte
819 4594 909 4656 litere
934 4595 1151 4675 privilegiales
1168 4609 1241 4656 sunt
1254 4595 1313 4655 sub
1338 4594 1446 4675 sigillo
1472 4594 1637 4655 communi

379 4699 531 4781 pendenti
555 4700 734 4760 munimine
760 4713 916 4763 emanate.

485 4805 562 4867 Item
595 4819 661 4868 tota
704 4807 918 4868 communitas
958 4807 1076 4868 civium
1112 4808 1248 4870 civitatis
1288 4807 1571 4888 Montisgrecensis
1602 4807 1641 4868 de

380 4911 466 4972 iuxta
499 4913 688 4993 Zagrabiam
721 4913 912 4995 supradicte,
946 4914 1118 4994 quemdam
1150 4912 1286 4976 fundum
1319 4934 1391 4976 cum
1425 4914 1577 4976 domibus
1609 4927 1640 4975 et

380 5017 501 5102 (h)ort0
525 5019 557 5080 in
583 5020 698 5082 eodem
723 5019 824 5082 fundo
849 5019 966 5082 habitis
998 5021 1029 5082 in
1065 5021 1219 5082 suburbio
1252 5021 1387 5084 civitatis
1412 5041 1512 5106 prope
1537 5020 1637 5084 eccle·
