3816 5802
410 473 452 536 80
919 476 1006 532 Anno
1028 489 1118 552 1447.

1359 582 1371 586 -
1395 582 1412 587 ..
1422 581 1673 588 .-———-—-·

409 686 542 747 domum
567 704 657 748 suam
682 704 754 746 cum
780 683 881 746 fundo
913 699 944 747 et
974 685 1131 747 hedificiis
1163 685 1268 746 medie
1293 686 1390 764 curie,
1427 687 1510 747 inter
1532 683 1668 748 fundum

409 793 538 855 Thome
560 793 676 854 sutoris
706 792 816 873 generi
848 792 987 854 condam
1020 792 1146 854 Nicolai
1179 791 1344 875 Horwoya
1377 805 1408 852 et
1433 792 1523 853 Pauli
1555 792 1671 853 sutoris

409 901 561 980 habitam,
585 921 620 962 ac
646 901 773 961 vineam
796 918 885 960 suam
912 899 944 959 in
969 899 1130 960 territorio
1159 899 1296 960 civitatis
1321 899 1402 959 inter
1426 899 1553 960 vineam
1579 880 1674 960 Eme·

408 1008 464 1068 rici
490 1006 582 1088 jurati
607 1019 637 1068 et
660 1005 781 1068 Vrbani
805 1005 922 1067 sutoris
939 1005 1093 1082 habitam,
1118 1004 1256 1086 desuper
1280 1025 1297 1066 a
1322 1005 1374 1065 via
1398 1005 1563 1066 communi
1589 1003 1672 1066 infra

408 1134 509 1196 usque
545 1113 685 1174 rivulum
717 1132 749 1174 se
781 1111 1023 1190 extendentem,
1055 1131 1127 1173 cum
1161 1129 1272 1172 eorum
1307 1110 1498 1172 utilitatibus
1531 1111 1592 1172 sibi
1617 1130 1674 1194 per

407 1221 586 1303 predictum
611 1219 794 1281 Emericum
819 1231 972 1280 sartorem
997 1218 1129 1299 legatas,
1159 1218 1304 1300 predicto
1323 1218 1463 1278 Martino
1488 1219 1586 1278 sutori
1606 1237 1673 1279 mo·

407 1329 507 1390 derno
531 1327 600 1388 viro
624 1345 683 1388 suo
707 1325 866 1407 legittimo
891 1324 1024 1386 donavit
1047 1339 1203 1408 perpetuo
1234 1323 1475 1406 possidendam.

514 1436 590 1498 ltem
616 1434 679 1496 due
711 1435 880 1516 porciones
912 1434 1052 1496 vineales
1084 1433 1183 1514 vulgo
1216 1431 1347 1514 Odkopi
1380 1445 1504 1510 vocate,
1536 1451 1671 1513 quarum

408 1543 573 1604 Emericus
595 1555 684 1602 sutor
711 1539 796 1602 filius
821 1539 969 1622 Gregorii
1003 1559 1100 1601 unam
1133 1539 1322 1621 porcionem
1347 1539 1425 1600 emit
1458 1540 1497 1600 ab
1524 1539 1672 1600 Emerico

406 1661 537 1726 sartore,
561 1647 676 1728 jurato,
693 1647 914 1708 commissario
932 1644 1088 1708 Anthouii
1107 1645 1387 1728 Chestnykowych
1406 1663 1463 1726 pro
1485 1644 1671 1726 quindecim

406 1755 474 1817 flor.
500 1754 588 1833 emit,
613 1767 644 1815 et
667 1753 764 1815 aliam
789 1753 977 1835 porcionem
997 1752 1156 1813 vinealem
1175 1752 1253 1813 emit
1277 1771 1294 1812 a
1319 1751 1455 1812 Nicolao
1480 1763 1586 1812 sutore
1604 1749 1672 1813 filio

407 1861 560 1943 Stephani
585 1880 643 1943 pro
659 1859 772 1942 viginti
797 1858 877 1938 lion,
896 1861 977 1921 inter
1000 1859 1128 1921 vineam
1146 1858 1293 1942 Dyonisii
1310 1857 1463 1920 aurifabri
1488 1871 1519 1920 et
1543 1857 1669 1919 domini

407 1968 561 2030 iohannis
584 1967 752 2050 presbiteri
777 1966 911 2046 habitas,
936 1986 1007 2027 cum
1033 1965 1238 2048 pertinenciis
1272 1984 1382 2026 earum
1407 1965 1565 2026 universis
1598 1985 1669 2046 pre-

405 2076 491 2137 dicto
516 2075 615 2135 sutori
642 2073 790 2134 Emerico
815 2071 882 2134 filio
902 2073 1001 2155 ipsius
1019 2071 1167 2152 Gregorii
1186 2091 1220 2132 ac
1238 2090 1294 2153 per
1318 2091 1391 2132 eum
1409 2070 1582 2132 heredibus
1599 2090 1670 2153 pre·

406 2183 503 2244 misso
528 2180 707 2263 empcionis
730 2179 825 2240 titulo
849 2193 922 2240 sunt
946 2177 1188 2260 privilegialiter
1211 2175 1397 2238 confirmate
1422 2179 1481 2239 sub
1516 2177 1670 2259 pendenti

407 2289 514 2370 sigillo
539 2286 788 2349 communitatis.

511 2395 588 2456 ltem
614 2391 791 2476 Elyzabeth
808 2391 873 2453 filia
898 2391 1033 2452 condam
1054 2391 1137 2452 Petri
1155 2389 1374 2473 Wrecharych
1404 2411 1484 2452 uxor
1509 2391 1668 2473 legittima

405 2500 552 2582 Gregorii
571 2499 734 2578 institoris,
751 2498 914 2582 quandam
928 2497 1061 2559 domurn
1076 2517 1166 2559 suam
1191 2517 1264 2560 cum
1282 2496 1384 2558 fundo
1402 2511 1432 2560 et
1449 2497 1605 2559 hedificiis
1631 2519 1668 2559 ac

405 2609 575 2669 medietate
593 2606 698 2668 celarii
717 2607 748 2666 in
767 2605 882 2666 eodem
900 2604 1001 2666 fundo
1019 2603 1125 2684 elossi‚
1148 2583 1368 2666 inter'domos
1387 2605 1476 2665 Pauli
1494 2606 1610 2666 sutoris
1635 2620 1668 2666 et

405 2714 490 2776 lwan
515 2712 654 2775 Owchar
679 2711 830 2789 habitam,
855 2731 952 2772 unam
970 2728 1115 2793 quartam
1137 2725 1168 2774 et
1184 2725 1330 2773 octavam
1348 2713 1434 2773 curie
1459 2711 1491 2772 in
1516 2731 1549 2774 se
1567 2713 1668 2773 conti·

406 2836 546 2900 nentem,
580 2820 717 2880 Barbare
750 2819 877 2880 mulieri
909 2818 1018 2880 relicte
1050 2818 1187 2880 condam
1222 2818 1350 2902 Mathye
1383 2819 1495 2880 decani
1521 2818 1668 2880 vendidit

404 2941 559 3011 perpetuo
584 2925 812 3009 possidendam
836 2939 867 2986 et
890 2925 1063 3008 superinde
1096 2939 1142 2987 est
1171 2925 1262 2986 litera
1287 2927 1346 2986 sub
1372 2925 1525 3008 pendenti
1557 2924 1666 3007 sigillo

404 3033 643 3096 communitatis
667 3045 824 3096 emanata.

509 3140 587 3204 Item
604 3137 745 3222 prefatus
762 3137 938 3220 Gregorius
955 3138 1081 3200 institor
1095 3137 1180 3200 lilius
1193 3138 1332 3222 Philippi
1351 3138 1514 3220 quandam
1532 3137 1665 3200 domum

403 3267 493 3308 suam
520 3267 593 3308 cum
618 3245 720 3308 fundo
744 3259 775 3308 et
790 3243 948 3306 hedificiis
965 3245 997 3305 in
1023 3245 1106 3306 dicta
1131 3245 1259 3307 civitate
1276 3245 1358 3307 inter
1375 3245 1509 3308 domum
1535 3245 1666 3308 Martini

400 3353 518 3415 sutoris
542 3367 572 3414 et
604 3353 742 3414 Barbare
776 3350 920 3412 mulieris
953 3350 1114 3430 habitam,
1149 3371 1245 3413 unam
1279 3365 1424 3434 quartam
1458 3367 1489 3413 et
1520 3367 1665 3414 octavam

401 3461 487 3522 curie
513 3460 544 3521 in
569 3480 601 3520 se
626 3459 856 3536 continentem,
886 3477 958 3519 cum
993 3458 1164 3520 medietate
1196 3458 1305 3520 celarii
1330 3459 1361 3519 in
1396 3457 1497 3520 fundo
1522 3459 1665 3540 predicte

401 3568 538 3629 Barbare
564 3566 709 3628 mulieris
732 3565 831 3626 habiti
857 3576 888 3626 et
912 3563 1021 3644 elossi,
1044 3584 1080 3626 ac
1104 3565 1175 3626 aliis
1192 3566 1313 3626 cunctis
1337 3565 1402 3626 suis
1428 3565 1617 3627 utilitatibus
1634 3579 1667 3626 et

400 3673 604 3755 pertinenciis
636 3672 792 3734 universis
816 3671 917 3733 Paulo
950 3671 1050 3733 sutori
1087 3669 1154 3732 filio
1188 3672 1271 3736 Petri
1297 3671 1337 3732 de
1369 3672 1427 3732 sub
1454 3671 1574 3755 Blagay
1605 3691 1665 3754 pro

400 3780 571 3841 duodecim
596 3778 665 3842 flor.
691 3779 758 3840 auri
780 3779 925 3840 vendidit
941 3791 1097 3860 perpetuo
1114 3777 1341 3862 possidendam
1367 3793 1397 3841 et
1420 3778 1593 3860 superinde
1617 3792 1666 3841 est

399 3888 489 3949 litera
514 3889 573 3948 sub
589 3885 751 3970 'pendenti
774 3885 881 3967 sigillo
905 3885 1144 3947 communitatis
1168 3899 1324 3948 emanata.

426 4107 510 4178 ltem
538 4105 624 4178 feria
653 4108 759 4177 tercia
796 4104 950 4194 proxima
979 4115 1056 4178 ante
1085 4105 1208 4178 festum
1238 4105 1493 4178 Purificacionis
1523 4109 1619 4179 beate

902 4229 1042 4319 virginis
1071 4232 1185 4302 llarie.

921 4399 981 4462 (31.
998 4383 1163 4465 januaria).

504 4525 581 4586 ltem
606 4517 704 4586 tercia
728 4544 800 4606 pars
832 4525 949 4586 domus
980 4539 1102 4589 mutate
1136 4541 1167 4588 et
1195 4526 1286 4588 fundi
1312 4547 1348 4588 ac
1380 4525 1602 4589 hedificiorum
1629 4527 1661 4588 in

399 4631 482 4692 dicta
509 4631 637 4692 civitate
662 4632 744 4693 inter
768 4631 883 4693 domos
908 4645 939 4694 et
973 4631 1090 4694 fundos
1116 4634 1199 4694 Petri
1233 4634 1308 4696 dicti
1334 4634 1463 4716 Jursysh
1490 4648 1521 4696 et
1545 4634 1659 4694 libero·

399 4759 469 4799 rum
495 4738 652 4822 Kathych‚
677 4741 716 4799 ab
741 4759 803 4799 una
838 4754 937 4820 parte,
967 4753 997 4800 et
1029 4755 1116 4820 parte
1143 4741 1182 4801 ab
1215 4741 1313 4804 altera
1340 4741 1472 4822 Georgii
1498 4739 1578 4802 labri
1602 4741 1661 4801 site

399 4860 430 4907 et
455 4847 627 4924 existentis,
653 4847 794 4906 mediam
811 4848 930 4908 curiam
950 4849 980 4907 in
999 4869 1030 4908 se
1049 4849 1253 4928 continentis,
1271 4869 1366 4910 unam
1385 4850 1505 4910 scilicet
1521 4863 1661 4910 tanturn·

399 4953 497 5014 modo
523 4967 667 5014 octavam
694 4967 724 5015 et
741 4959 862 5036 partem
880 4955 1009 5016 terciam
1029 4955 1123 5016 unius
1148 4969 1258 5018 octave
1276 4956 1307 5018 in
1333 4975 1365 5017 se
1391 4956 1569 5035 continens,
1587 4975 1659 5017 cum
