3854 5798
375 463 438 524 280
910 463 997 520 Anno
1020 471 1111 539 1470.

374 676 457 738 vidis
481 675 557 737 viris
598 674 761 738 Clementi
793 673 921 734 literato
953 670 1021 734 filio
1053 671 1208 733 Johannis
1239 671 1278 732 de
1309 669 1397 733 Odra
1421 687 1452 734 et
1476 671 1643 734 Anthonio

375 781 602 864 Trnbsethych
627 781 667 842 de
694 781 884 858 Lukawecz,
909 794 943 839 ut
959 778 1024 860 jam
1050 779 1142 840 novis
1159 778 1346 840 concivibus
1363 780 1480 840 nostris
1502 795 1533 840 et
1556 779 1641 861 ipso·

374 909 444 950 rum
469 888 642 950 heredibus
666 906 725 969 pro
750 886 862 948 decem
887 899 918 948 et
941 899 1015 947 octo
1040 884 1109 948 flor.
1128 885 1198 946 auri
1223 886 1266 947 ita
1290 899 1411 964 tamen,
1437 886 1526 967 quod
1551 899 1643 968 porta

375 996 515 1057 anterior
538 994 683 1057 eiusdem
708 993 816 1055 totalis
840 991 956 1053 domus
984 993 1024 1054 ab
1049 993 1116 1072 ipsa
1149 1004 1237 1074 parte
1263 991 1469 1053 meridionali
1495 992 1644 1053 introitus

373 1117 404 1164 et
428 1102 531 1164 exitus
554 1121 611 1184 per
627 1099 775 1178 eandem,
801 1119 860 1160 uec
885 1119 950 1160 non
963 1119 1037 1182 pars
1060 1100 1218 1180 posterior
1235 1098 1381 1159 eiusdem
1402 1098 1509 1160 totalis
1526 1098 1643 1159 domus

374 1228 432 1292 pro
456 1209 589 1270 stabulis
613 1223 644 1270 et
667 1227 726 1290 pro
752 1207 953 1290 reposicione
977 1205 1141 1288 lignorum
1166 1204 1287 1266 eisdem
1315 1206 1471 1267 ambabus
1495 1206 1641 1287 partibus

376 1315 536 1377 deservire
561 1335 619 1378 nec
644 1333 710 1375 non
734 1314 844 1375 cloaca
868 1312 993 1375 debeat.

480 1421 577 1495 Quod
602 1421 678 1502 quia
702 1419 750 1481 vir
774 1418 913 1480 condam
939 1417 1096 1500 providus
1121 1417 1276 1479 Martinus
1311 1417 1390 1479 olim
1415 1418 1522 1478 senior
1545 1415 1644 1497 judex

376 1543 407 1592 et
423 1527 564 1591 concivis
581 1541 689 1588 noster
708 1524 793 1587 filius
810 1524 939 1586 Thome
960 1524 1039 1585 alias
1057 1525 1196 1585 decanus
1213 1521 1481 1586 confraternitatis
1507 1523 1638 1586 Sclauo-

377 1655 448 1697 rum
485 1633 630 1695 vendidit
652 1647 768 1694 terram
794 1651 885 1693 suam
914 1630 1068 1692 arabilem
1093 1632 1125 1691 in
1150 1649 1263 1713 campo
1292 1631 1376 1692 dicte
1400 1631 1536 1692 civitatis
1554 1633 1637 1692 inter

376 1757 475 1804 terras
499 1739 676 1802 liberorum
693 1738 830 1800 condam
857 1737 1012 1798 iohannis
1029 1735 1143 1818 judicis
1164 1736 1239 1799 dicti
1258 1736 1371 1820 Rolye,
1395 1739 1434 1798 ab
1459 1736 1638 1816 occidente,

377 1862 408 1912 et
432 1849 514 1909 inter
537 1861 653 1908 terram
679 1844 843 1906 colendini
872 1843 1143 1906 confraternitatis
1176 1845 1266 1905 beate
1292 1843 1391 1905 Marie
1416 1844 1549 1924 virginis
1573 1862 1639 1904 car-

375 1953 607 2038 pentariorum,
630 1954 671 2014 ab
691 1951 814 2014 oriente
832 1950 973 2013 habitam
998 1963 1030 2012 et
1046 1951 1247 2029 existentem,
1271 1965 1410 2031 quatuor
1434 1950 1535 2012 dietas
1559 1965 1642 2012 terre

379 2061 412 2122 in
436 2080 470 2121 se
494 2059 713 2121 continentem
739 2058 878 2120 Martino
903 2057 1043 2139 agricole
1068 2055 1136 2118 filio
1161 2058 1251 2118 Pauli
1275 2057 1415 2138 agricole
1439 2057 1498 2119 filii
1522 2057 1644 2120 Vrbani

378 2166 418 2229 de
442 2166 519 2227 villa
544 2165 707 2226 Petrowcz
730 2184 788 2246 pro
812 2163 963 2226 undecim
989 2163 1059 2226 flor.
1084 2163 1151 2225 auri
1174 2163 1320 2225 vendidit
1343 2163 1412 2246 jure
1436 2179 1593 2246 perpetuo
1612 2178 1644 2226 et

380 2271 643 2336 irrevocabiliter.

484 2379 583 2454 Quod
608 2379 683 2460 quia
708 2379 862 2460 providus
879 2379 927 2440 vir
945 2377 1126 2461 Stephanus
1143 2376 1282 2438 carnifex
1300 2377 1405 2439 dictus
1429 2378 1539 2461 Zayko
1555 2377 1640 2439 lilius

380 2486 503 2548 Mareni
528 2484 568 2546 de
592 2484 831 2546 Klokochewcz
855 2483 934 2545 alias
949 2483 1071 2566 juratus
1095 2497 1125 2544 et
1150 2483 1291 2544 concivis
1309 2498 1426 2563 noster,
1451 2503 1535 2545 nunc
1562 2485 1641 2545 civia

379 2593 419 2653 de
443 2593 515 2653 vico
542 2591 743 2668 Latinorum,
760 2589 915 2671 quasdam
935 2604 1008 2651 octo
1026 2590 1127 2652 dietas
1145 2603 1226 2650 terre
1242 2608 1298 2650 sue
1316 2590 1446 2650 arabilis
1470 2591 1502 2651 in
1528 2609 1644 2672 carnpo

379 2712 410 2760 et
433 2697 592 2760 territorio
618 2696 702 2758 dicte
726 2697 864 2758 civitatis
890 2696 972 2758 inter
995 2710 1113 2757 terram
1131 2695 1279 2756 similiter
1296 2696 1450 2757 arabilem
1477 2696 1561 2758 Petri
1585 2696 1643 2757 vil-

379 2803 432 2865 lici
457 2804 496 2865 de
521 2802 654 2884 Dedych
679 2816 710 2864 et
727 2800 859 2864 fratrum
884 2821 1016 2864 suorum
1034 2800 1175 2863 filiorum
1200 2801 1355 2863 Demetrii
1380 2801 1437 2864 lilii
1463 2802 1577 2865 briccii
1603 2803 1642 2864 de

380 2908 457 2970 villa
482 2908 660 2986 Kralewcz,
683 2910 722 2970 ab
748 2909 926 2988 occidente,
956 2923 987 2970 et
1019 2909 1100 2969 inter
1125 2908 1204 2968 duas
1235 2910 1302 2969 vias
1326 2909 1482 2990 publicas,
1507 2929 1603 2970 unam
1628 2930 1646 2970 a

382 3014 561 3077 meridiane
586 3029 616 3075 et
640 3015 736 3076 aliam
762 3035 779 3076 a
803 3015 1033 3096 septemtrione
1058 3016 1257 3094 existentem,
1289 3035 1325 3077 ac
1350 3015 1431 3077 inter
1454 3029 1554 3078 terras
1578 3035 1646 3076 ara-

380 3121 460 3183 biles
485 3120 616 3182 domine
641 3124 735 3181 Anne
760 3122 870 3182 relicte
895 3121 1033 3182 condam
1060 3121 1149 3182 Pauli
1167 3121 1334 3204 Walpoth,
1363 3124 1402 3183 ab
1428 3122 1551 3184 oriente
1577 3143 1644 3185 me·

381 3227 488 3288 diante
513 3241 621 3289 meatu
645 3246 700 3288 seu
726 3225 862 3288 decursu
887 3227 975 3290 fluvii
1002 3227 1250 3306 Chernomercz,
1281 3229 1377 3290 simul
1402 3249 1473 3291 cum
1500 3229 1645 3312 quodam

381 3332 471 3394 fenili
496 3353 595 3415 parvo
629 3333 733 3394 eidem
767 3347 849 3396 terre
880 3334 1044 3415 adjacente
1076 3335 1199 3396 habitas
1230 3349 1261 3396 et
1293 3336 1479 3415 existentes,
1511 3336 1647 3418 provido

383 3439 452 3500 viro
478 3439 586 3500 Blasio
609 3439 732 3501 decano
761 3441 923 3502 colendini
947 3453 1091 3502 sutorum
1125 3439 1192 3502 filio
1218 3441 1373 3524 Stephani
1397 3443 1516 3504 seniori
1541 3442 1646 3523 jurato

384 3559 416 3608 et
440 3546 566 3607 concivi
590 3559 700 3607 nostro
724 3566 760 3608 ac
778 3567 834 3629 per
859 3566 932 3609 eum
957 3547 1023 3608 suis
1040 3546 1212 3609 heredibus
1229 3567 1288 3630 pro
1313 3549 1453 3629 quadarn
1478 3549 1539 3610 alia
1564 3562 1647 3610 terra

382 3652 526 3714 eiusdem
552 3652 649 3713 Blasii
675 3651 788 3714 decani
807 3653 838 3714 in
863 3654 1025 3715 territorio
1050 3654 1111 3715 vici
1131 3655 1321 3717 Latinorum
1336 3675 1393 3738 per
1417 3655 1550 3717 modum
1570 3675 1646 3717 con-

382 3758 499 3820 cambii
524 3757 623 3820 dedit.

489 3862 565 3927 ltem
591 3865 668 3947 quia
693 3865 812 3926 nobilis
837 3866 963 3928 Marcus
987 3880 1121 3928 venator
1145 3865 1230 3929 filius
1248 3868 1382 3932 Fabiani
1407 3869 1446 3930 de
1472 3869 1645 3952 Hwthyna,

383 3971 524 4034 concivis
541 3985 659 4050 noster,
684 3970 772 4032 dedit
789 3971 942 4033 directam
967 3987 998 4034 et
1014 3974 1164 4054 equalem
1182 3974 1387 4036 medietatem
1405 3976 1512 4038 totalis
1529 3977 1646 4039 domus

384 4097 439 4138 sue
466 4097 524 4138 nec
549 4097 614 4138 non
639 4077 747 4138 celarii
772 4078 971 4139 subterranei
996 4093 1027 4139 et
1050 4078 1274 4141 hedificiorum
1300 4081 1382 4142 inter
1406 4082 1551 4160 domum,
1575 4081 1647 4143 fun-

384 4183 526 4264 dumque
549 4199 580 4246 et
604 4182 752 4245 hedificia
777 4184 835 4245 viri
860 4185 987 4267 providi
1013 4186 1096 4247 Petri
1123 4186 1254 4269 Dragyn
1280 4187 1368 4266 dicti,
1392 4190 1432 4249 ab
1456 4189 1591 4266 oriente,
1616 4202 1648 4250 et

385 4289 467 4350 inter
492 4289 637 4370 domurn,
663 4289 866 4371 fundumque
900 4306 930 4352 et
962 4290 1110 4353 hedificia
1144 4293 1271 4354 Martini
1305 4295 1476 4376 arcuparis,
1501 4296 1540 4356 ab
1564 4295 1648 4357 occi-

385 4394 490 4473 dente,
515 4409 545 4456 et
569 4397 651 4458 inter
675 4396 755 4457 duas
777 4397 844 4458 vias
861 4416 1061 4476 communes,
1078 4419 1175 4460 unam
1201 4399 1415 4462 ameridione
1439 4413 1470 4462 et
1493 4401 1589 4462 aliam
1606 4402 1647 4462 ab

384 4499 551 4562 occidente
576 4501 729 4582 habitam,
754 4516 816 4564 tres
841 4518 970 4584 quartas
995 4505 1024 4565 in
1050 4525 1083 4565 se
1117 4506 1347 4585 continentem,
1372 4506 1477 4588 ipsum
1502 4508 1645 4569 Marcum

385 4626 402 4667 a
427 4607 562 4689 provida
582 4609 717 4671 condam
737 4609 868 4671 domina
887 4610 1065 4695 Elyzabeth
1083 4611 1192 4674 relicta
1210 4613 1347 4674 condam
1365 4613 1389 4674 F
1393 4613 1531 4693 riderici,
1548 4613 1648 4696 Frycz

386 4711 473 4791 dicti,
497 4713 577 4774 olim
601 4713 694 4795 jurati
720 4731 750 4777 et
774 4717 916 4778 concivis
941 4718 1040 4780 nostri
1064 4717 1122 4779 filii
1141 4718 1296 4781 Johannis
1321 4719 1418 4782 Sinelr
1443 4720 1530 4798 dicti,
1548 4733 1647 4782 matre

385 4837 440 4878 sua
466 4820 616 4901 adoptiva
641 4821 830 4883 donacionis
863 4835 894 4884 et
930 4824 1171 4906 propinacionis
1202 4826 1297 4887 titulo
1321 4825 1494 4888 literatorie
1519 4845 1647 4888 concer-

387 4938 527 5004 nentem,
554 4927 687 5012 Symoni
712 4928 837 4990 literato
871 4930 910 4990 de
936 4929 1024 4991 Odra
1057 4931 1293 5014 Zenthgyvvrgh
1320 4945 1351 4995 et
1380 4933 1446 4993 suis
1477 4931 1649 4996 heredibus
