3832 5804
564 1618 692 1716 (Anno
719 1616 875 1706 Domini
902 1615 1192 1720 MGGOGLXH.)

247 1975 336 2053 Item
364 1977 398 2051 in
436 2000 530 2053 anno
560 1975 704 2052 Domini
738 1976 927 2052 millesimo
965 1975 1318 2076 quadringentesimo
1357 1997 1511 2073 sexage-

248 2101 339 2177 simo
378 2099 549 2192 secundo,
591 2109 757 2200 tempore
794 2101 964 2176 videlicet
987 2099 1168 2198 judicatus
1197 2099 1343 2174 secundi
1372 2099 1510 2199 providi

246 2225 310 2300 viri
339 2223 509 2318 Anthonii
534 2223 664 2322 judicis
692 2222 753 2299 filii
774 2223 924 2316 Thome‚
944 2247 1095 2324 presens
1115 2223 1322 2300 kathernum
1352 2231 1410 2300 est
1437 2224 1510 2300 fac-

244 2357 320 2424 tum
349 2348 407 2424 die
435 2347 614 2423 dominico
635 2347 798 2446 proximo
819 2357 905 2423 ante
924 2347 1057 2423 festum
1077 2345 1343 2423 Purificacionis
1363 2347 1510 2446 virginis

247 2472 412 2572 gloriose
451 2495 542 2547 nunc
580 2473 741 2571 proxime
778 2480 975 2563 venturum,
1014 2495 1123 2570 super
1159 2472 1441 2571 consignacione
1470 2479 1509 2548 et

245 2597 513 2695 registracione
551 2596 733 2672 literarum
769 2595 1042 2696 privilegialium
1089 2595 1213 2670 civium
1253 2603 1291 2671 et
1335 2594 1509 2670 inhabita-

296 2729 415 2795 torum
444 2720 600 2796 civitatis
628 2727 822 2819 prenotate
851 2719 959 2795 modo
988 2728 1027 2795 et
1054 2719 1178 2795 ordine
1206 2719 1455 2818 infrascriptis

765 2993 829 3065 (31.
844 2989 1012 3064 januarii).

350 3129 427 3192 {tem
452 3127 607 3210 providus
632 3128 680 3190 vir
701 3127 842 3190 Briccius
859 3127 943 3190 filius
970 3128 1134 3191 Benedicti
1153 3127 1364 3212 Kwrsethych
1389 3128 1428 3190 de
1446 3129 1508 3190 Ra·

244 3237 340 3318 karys
364 3249 395 3297 et
417 3234 553 3317 provida
586 3235 702 3296 mulier
734 3234 934 3316 Margaretha
966 3249 1078 3297 vocata
1110 3233 1175 3296 filia
1208 3235 1344 3297 condam
1378 3235 1508 3318 Mothey

244 3341 320 3404 dicti
345 3340 500 3403 Palchecz
524 3337 581 3402 filii
615 3339 730 3422 prefati
755 3341 920 3403 Benedicti
950 3341 1167 3426 Kwrsethycz‚
1199 3361 1284 3402 nunc
1308 3360 1438 3402 consors
1463 3342 1508 3403 le·

243 3449 368 3530 gittima
392 3447 453 3509 viri
477 3446 604 3530 providi
629 3445 762 3530 Georgii
787 3447 844 3510 filii
870 3449 1008 3511 Emerici
1041 3449 1081 3510 de
1107 3447 1291 3510 Marowcha
1316 3447 1506 3510 habitatoris

244 3555 326 3616 dicte
343 3553 490 3632 civitatis,
507 3573 542 3615 ac
560 3554 694 3635 provida
711 3554 858 3616 similiter
876 3555 991 3616 mulier
1013 3553 1179 3616 Elizabeth
1204 3569 1315 3616 vocata
1342 3555 1451 3616 relicte
1476 3569 1507 3617 et

245 3660 425 3743 Stephanus
442 3658 527 3722 filius
544 3660 681 3721 condam
700 3660 853 3722 Demetrii
872 3659 928 3722 filii
946 3661 1105 3742 prenotati
1123 3659 1288 3722 Benedicti
1306 3660 1505 3743 Kutsethych

244 3765 380 3828 confessi
405 3781 489 3844 sunt,
507 3779 542 3827 ut
565 3765 624 3847 ipsi
642 3766 803 3847 quendam
829 3765 982 3847 (h)ortum
1007 3785 1063 3827 seu
1081 3765 1217 3828 fundum
1242 3785 1353 3828 eorum
1378 3767 1505 3828 civilem

243 3872 338 3934 simul
362 3891 436 3933 cum
462 3871 561 3933 domo
586 3891 698 3933 eorum
724 3872 756 3932 in
782 3872 897 3933 eodem
924 3869 1026 3935 fundo
1050 3885 1081 3934 et
1104 3872 1222 3954 (h)orto
1247 3872 1352 3934 habita
1378 3873 1409 3933 in
1434 3873 1506 3936 vico

244 3992 353 4040 nostro
378 3997 435 4039 sen
460 3977 596 4039 civitatis
620 3977 761 4059 predicte
779 3978 928 4040 exteriori
954 3997 1055 4060 prope
1072 3978 1240 4040 ecclesiam
1265 3979 1349 4040 beati
1376 3979 1504 4042 Martini

244 4084 384 4166 episcopi
411 4098 441 4146 et
465 4082 658 4148 confessoris
675 4083 757 4146 inter
782 4084 916 4145 domurn
944 4099 975 4145 et
992 4083 1143 4167 (h)ortum
1161 4085 1338 4147 liberorum
1363 4106 1420 4147 seu
1436 4106 1505 4148 suc·

242 4210 405 4253 cessorum
430 4191 568 4252 condam
594 4189 747 4271 Stephani
773 4189 866 4271 jurati
900 4191 977 4252 dicti
1002 4190 1179 4254 Constnbel
1210 4207 1393 4254 nostrorum
1417 4193 1505 4254 simi-

243 4298 315 4359 liter
339 4297 522 4359 concivium
546 4311 577 4359 et
602 4297 683 4357 inter
706 4297 791 4358 viam
817 4316 1024 4359 communem
1053 4297 1091 4360 ad
1118 4311 1249 4380 puteum
1277 4299 1504 4360 Mandusewcz

242 4419 392 4466 vocatum
417 4392 554 4466 civitatis
578 4417 685 4464 nostre
710 4403 852 4485 predicte
878 4404 1109 4466 deservientem
1150 4405 1336 4466 tendentem
1361 4404 1503 4467 habitem

242 4528 273 4572 et
297 4511 496 4590 existentem,
522 4529 618 4572 unam
643 4509 793 4571 videlicet
817 4525 964 4591 quartam
989 4511 1074 4572 curie
1092 4511 1131 4571 ad
1157 4529 1250 4572 nsum
1275 4511 1410 4572 civitatis
1434 4531 1503 4593 pre·

242 4617 305 4680 fate
329 4618 362 4678 in
393 4637 425 4677 se
458 4617 690 4694 continentem,
723 4617 809 4697 ipsos
840 4615 991 4678 videlicet
1022 4616 1243 4696 Benedictum,
1269 4617 1504 4698 Margaretham

242 4737 274 4786 et
297 4723 474 4806 Elyzabeth
500 4742 647 4786 necnon
674 4723 872 4804 Stephanum
897 4745 915 4784 n
945 4723 1096 4806 predictis
1128 4723 1313 4805 parentibus
1337 4739 1368 4785 et
1391 4725 1504 4806 prede-

242 4829 421 4891 cessoribus
445 4849 557 4890 eorum
582 4843 655 4912 post
679 4829 804 4890 obitum
822 4830 966 4911 ipsorum
991 4829 1058 4911 jure
1076 4829 1269 4891 hereditario
1295 4831 1380 4912 juxta
1404 4831 1504 4912 ipsius

242 4937 378 4998 civitatis
402 4937 567 5018 antiquam
593 4937 858 4998 consvetudinem
877 4936 1034 5017 legittime
1058 4952 1314 5015 concernentem,
1332 4951 1427 5019 prout
1444 4935 1503 4999 hoc

242 5043 274 5106 in
300 5043 439 5127 quadam
466 5043 556 5106 litera
581 5057 688 5106 nostra
712 5064 768 5106 seu
802 5043 938 5106 civitatis
970 5043 1110 5127 predicte
1143 5044 1334 5128 privilegiali
1358 5057 1503 5130 tempore
