3854 5798
417 565 479 628 226
946 565 1032 622 Anno
1056 559 1147 642 1463.

417 791 570 842 annotato
596 777 759 860 Stephano
785 777 941 858 Hungaro
975 776 1073 837 actori
1099 795 1155 857 per
1178 787 1366 836 annotatum
1391 773 1570 836 iohannem
1595 773 1677 854 judi-

416 907 486 950 cem
511 900 542 948 et
565 902 682 948 eotunc
713 885 833 965 juratos
867 898 898 946 et
929 884 1059 945 tandem
1095 903 1152 965 per
1176 901 1235 944 nos
1266 880 1458 942 modernum
1482 879 1623 960 judicem
1648 893 1678 941 et

416 993 536 1075 juratos
560 992 761 1074 supradictos
785 992 817 1053 in
843 989 994 1072 predictis
1027 989 1274 1071 quampluribus
1306 1003 1337 1048 et
1360 985 1595 1048 sufficientibus
1618 1000 1679 1048 ter·

416 1100 513 1162 minis
536 1098 680 1180 juridicis
704 1097 809 1160 eidem
827 1095 1058 1158 Bartholomeo
1082 1110 1112 1158 et
1129 1095 1261 1157 domine
1280 1095 1416 1156 Barbare
1442 1093 1581 1155 consorti
1599 1093 1679 1154 eius·

417 1208 490 1269 dem
515 1207 674 1288 legittime
698 1205 866 1286 assignatis
891 1217 921 1264 et
949 1203 1110 1286 deputatis
1142 1201 1279 1263 eandem
1311 1219 1492 1282 sumpmam
1518 1199 1588 1261 flor.
1612 1193 1693 1260 auri·

418 1327 449 1375 et
473 1314 685 1395 quantitatem
711 1312 865 1393 peccunie
890 1309 1023 1372 minime
1048 1309 1124 1370 dare
1160 1323 1190 1370 et
1214 1307 1396 1390 persolvere
1421 1319 1582 1384 curarunt,
1606 1325 1639 1367 se
1662 1325 1680 1366 a

417 1418 497 1482 facie
522 1419 599 1500 juris
623 1432 654 1480 et
678 1418 802 1500 justicie
827 1437 897 1478 aca
922 1416 1090 1478 solucione
1107 1415 1266 1476 dictorum
1291 1426 1419 1475 centum
1438 1431 1492 1473 sex
1517 1411 1588 1474 flor.
1612 1411 1679 1473 auri

417 1539 448 1588 et
472 1526 687 1609 predictarum
712 1524 847 1586 duarum
873 1521 1035 1584 luntarum
1066 1521 1271 1582 denariorum
1306 1520 1433 1602 penitus
1465 1522 1679 1598 absentantes,

418 1631 556 1713 ideoque
582 1651 640 1692 nos
664 1628 788 1713 prefato
814 1629 978 1712 Stephano
996 1628 1153 1708 Hungaro
1170 1628 1269 1689 actori
1293 1645 1351 1708 pro
1375 1625 1526 1707 predictis
1550 1639 1676 1687 centurn

418 1758 453 1800 ac
477 1757 530 1800 sex
555 1736 624 1799 ilor.
649 1737 718 1798 auri
751 1749 782 1796 et
816 1736 992 1816 quantitate
1025 1734 1161 1816 pecunie
1192 1733 1309 1795 domus
1341 1747 1490 1810 muratas,
1515 1750 1628 1812 resque
1651 1745 1682 1792 et

418 1846 502 1906 bona
526 1864 562 1906 ac
587 1844 803 1925 possessiones
828 1841 977 1903 videlicet
1002 1840 1168 1924 (h)0rtum,
1193 1841 1302 1901 vineas
1326 1853 1357 1900 et
1380 1838 1476 1899 silvas
1500 1838 1599 1920 ipsius
1623 1839 1680 1899 do·

418 1951 505 2012 mine
531 1949 669 2012 Barbare
693 1949 850 2010 consortia
875 1948 974 2030 ipsius
998 1946 1217 2008 bartholomei
1236 1944 1369 2028 Gaydar
1388 1945 1420 2005 in
1444 1944 1528 2006 dicta
1553 1945 1680 2006 civitate

419 2073 449 2121 et
473 2059 542 2120 eius
557 2058 718 2120 territorio
735 2057 860 2118 habitas
876 2069 907 2118 et
924 2057 1104 2134 existentes,
1116 2041 1238 2136 'quovis
1256 2053 1396 2114 nominis
1419 2054 1579 2115 vocabulo
1596 2053 1680 2114 voci·

418 2179 498 2226 tatas
514 2184 586 2226 cum
612 2163 769 2226 universis
794 2181 904 2224 earum
930 2161 1122 2223 utilitatibus
1147 2175 1177 2222 et
1193 2160 1398 2243 pertinenciis
1423 2159 1591 2240 quibusvis
1614 2160 1681 2241 ple-

418 2291 492 2332 nam
517 2270 679 2334 vendendi
703 2284 734 2331 et
757 2289 790 2330 se
815 2269 919 2350 ipsum
945 2267 985 2330 de
1018 2267 1094 2349 ipsis
1117 2267 1279 2344 domibus,
1312 2268 1535 2348 rebusque·et
1559 2285 1681 2348 posses·

418 2377 562 2438 sionibus
579 2376 721 2438 eiusdem
740 2375 871 2436 domine
889 2375 1027 2437 Barbare
1044 2374 1195 2456 predictis
1211 2373 1415 2456 persolvendi
1438 2387 1469 2434 et
1493 2374 1681 2442 contentum

419 2483 574 2545 reddendi
592 2482 814 2544 omnimodam
839 2481 1058 2544 attribuissent
1075 2493 1106 2542 et
1128 2480 1331 2542 attribuimus
1348 2477 1530 2540 facultatem
1556 2478 1682 2559 justicia

419 2603 450 2651 et
474 2589 544 2670 lege
567 2589 702 2651 civitatis
734 2589 876 2671 predicte
908 2587 1097 2670 privilegata
1129 2587 1330 2668 requirente,
1362 2601 1456 2668 prout
1489 2586 1551 2647 hoc
1575 2587 1607 2647 in
1633 2606 1681 2647 ca-

419 2695 533 2756 therno
559 2709 667 2756 nostro
692 2695 857 2757 communi
882 2694 1026 2775 judiciali
1059 2709 1123 2755 tam
1158 2691 1271 2776 prelati
1304 2707 1420 2755 eotunc
1445 2691 1559 2772 iudicis
1584 2711 1681 2774 quarn

422 2816 454 2864 et
479 2801 622 2863 annotati
648 2801 809 2862 Valentini
839 2801 986 2862 moderni
1018 2801 1166 2861 similiter
1197 2799 1312 2880 judicis
1345 2799 1444 2861 nostri
1469 2800 1682 2881 temporibus,

422 2908 537 2970 diebus
561 2921 592 2968 et
615 2907 707 2968 annis
730 2907 879 2988 superius
902 2921 932 2967 et
957 2905 1090 2968 inferius
1119 2907 1245 2988 scriptis
1277 2925 1423 2988 expresse
1448 2906 1629 2967 continetur
1653 2920 1684 2966 et

419 3014 564 3076 habetur.
590 3013 729 3074 Demum
755 3013 817 3074 hiis
841 3013 958 3074 habitis
982 3027 1013 3074 et
1029 3013 1198 3095 completis
1217 3011 1357 3094 prelatus
1387 3013 1567 3094 Stephanus
1592 3012 1682 3073 Hun-

419 3140 514 3201 gatus
539 3118 659 3181 ibidem
684 3139 791 3180 coram
816 3119 910 3181 nobis
934 3119 1145 3200 personaliter
1169 3120 1361 3181 constitutus
1390 3124 1553 3182 confessus
1577 3132 1624 3181 est
1648 3120 1681 3180 in

421 3226 505 3288 hunc
523 3225 667 3304 modum,
685 3239 720 3286 ut
744 3225 811 3308 ipse
828 3225 1003 3307 predictam
1025 3226 1158 3288 domum
1185 3241 1341 3287 muratam
1367 3240 1397 3287 et
1410 3223 1546 3288 fundum
1572 3246 1607 3287 ac
1625 3245 1678 3288 cu·

422 3333 502 3394 riam
527 3352 585 3394 nec
609 3351 674 3393 non
699 3331 814 3392 celaria
839 3345 870 3393 et
901 3347 1079 3414 cysternam
1112 3331 1259 3392 similiter
1284 3345 1440 3394 muratam
1474 3351 1509 3393 ac
1535 3331 1681 3394 hedificia

420 3453 486 3501 tarn
511 3439 638 3521 lapidea
663 3457 760 3520 quarn
786 3439 893 3519 lignea
911 3439 991 3500 inibi
1008 3437 1116 3500 habita
1141 3451 1171 3500 et
1192 3452 1371 3500 constructa
1399 3439 1429 3500 in
1455 3439 1539 3500 dicta
1563 3439 1683 3501 scilicet

422 3545 548 3607 civitate
573 3546 655 3606 inter
679 3545 812 3606 domurn
838 3545 985 3606 similiter
1007 3561 1163 3606 muratam
1190 3559 1220 3606 et
1237 3543 1372 3606 fundum
1398 3565 1434 3607 ac
1459 3543 1606 3607 hedificia
1623 3545 1681 3606 viri

422 3651 549 3733 providi
573 3665 603 3713 et
625 3651 751 3713 honesti
777 3651 895 3712 Mathie
920 3651 999 3713 alias
1023 3651 1179 3713 carnificis
1206 3652 1342 3713 senioris
1366 3652 1459 3733 jurati
1482 3667 1514 3714 et
1537 3651 1681 3714 concivis

422 3759 521 3820 nostri
546 3757 603 3819 lilii
627 3758 764 3820 condam
790 3757 945 3819 lobannis
969 3759 1045 3820 dicti
1070 3759 1266 3844 Myklynych
1291 3761 1331 3821 ab
1345 3759 1493 3821 orientali
1521 3775 1619 3841 parte,
1644 3762 1683 3821 ab

422 3863 613 3926 occidentali
637 3879 744 3925 autem
769 3877 858 3945 parte
891 3885 989 3946 penes
1021 3864 1157 3926 fundum
1191 3879 1223 3928 et
1246 3867 1381 3927 domum
1413 3865 1595 3927 censualem
1628 3853 1709 3928 seu¹

422 3969 679 4032 condicionalem
705 3971 827 4052 capelle
852 3973 944 4032 beate
969 3971 1069 4033 Maris
1093 3991 1220 4053 semper
1244 3972 1376 4053 virginis
1399 3991 1499 4054 prope
1524 3972 1683 4055 palacium

422 4076 506 4157 regis
530 4073 660 4137 fundate
686 4077 826 4138 habitam
852 4093 882 4138 et
906 4079 1104 4156 existentem,
1128 4078 1207 4140 duas
1232 4078 1263 4140 in
1288 4091 1357 4140 toto
1382 4079 1485 4140 curias
1510 4079 1685 4160 integrales

423 4183 463 4244 ad
489 4203 581 4244 usum
606 4183 742 4245 civitatis
759 4183 791 4245 in
808 4205 841 4246 se
865 4186 1102 4260 continentem
1130 4185 1205 4246 item
1224 4185 1398 4266 quemdam
1424 4185 1577 4267 (h)0rtum
1602 4188 1684 4248 eius·

426 4288 499 4350 dem
525 4287 655 4350 domine
681 4289 818 4352 Barbare
855 4292 886 4352 in
911 4292 1066 4353 suburbio
1099 4291 1235 4352 civitatis
1266 4292 1409 4353 eiusdem
1443 4293 1524 4353 inter
1548 4290 1685 4375 (h)0rtos

422 4395 570 4457 similiter
594 4396 736 4458 virorum
761 4397 971 4479 providorum
993 4411 1024 4458 et
1040 4397 1249 4459 honestorum
1269 4397 1447 4458 Sebastiani
1466 4398 1542 4459 dicti
1560 4399 1685 4460 Liubalr

423 4503 557 4562 senioris
581 4502 729 4564 similiter
745 4502 840 4584 jurati
865 4517 895 4565 et
912 4504 1054 4565 concivis
1071 4505 1170 4565 nostri
1195 4505 1234 4564 ab
1252 4504 1385 4583 oriente,
1411 4519 1441 4565 et
1465 4524 1684 4566 successorum

423 4627 479 4667 seu
502 4607 677 4670 liberorum
703 4610 838 4671 condam
866 4608 952 4671 Galli
986 4610 1026 4672 de
1050 4609 1244 4671 thenowcz
1269 4611 1309 4672 ab
1341 4610 1510 4674 occidente
1534 4612 1630 4674 situm
1655 4627 1685 4673 et

424 4715 624 4793 existentem,
641 4716 778 4799 desuper
802 4737 820 4778 a
836 4715 956 4778 fossato
980 4719 1039 4778 sub
1056 4717 1106 4778 via
1129 4717 1293 4778 communi
1311 4719 1423 4779 subtus
1440 4737 1567 4780 murum
1587 4719 1685 4801 ipsius

424 4821 560 4882 civitatis
584 4822 729 4882 habiturn
754 4823 815 4883 sito
851 4837 882 4884 et
913 4823 1077 4900 existente,
1111 4821 1192 4884 infra
1218 4837 1248 4883 et
1281 4842 1382 4906 usque
1415 4823 1454 4885 ad
1480 4823 1576 4884 aliam
1600 4823 1683 4884 viam

424 4945 573 5006 magnam
599 4942 630 4989 et
654 4947 860 4988 communem
884 4949 939 4990 seu
965 4929 1127 5011 publicam
1153 4929 1315 4992 mediante
1344 4930 1408 4991 alio
1432 4928 1552 5006 fossato
1576 4949 1609 4990 se
1633 4950 1683 4990 ex·

423 5034 628 5110 tendentem;
660 5035 737 5095 item
769 5035 870 5096 eciam
903 5036 1066 5117 quandam
1098 5037 1225 5099 vineam
1262 5037 1361 5119 ipsius
1391 5037 1522 5098 domine
1547 5037 1684 5098 Barbare
