3832 5804
720 1554 850 1653 (Anno
877 1553 1035 1642 Domini
1061 1551 1331 1656 MGGOOLIX.)

405 1895 493 1970 Item
523 1895 557 1970 in
586 1917 680 1970 anno
709 1893 854 1970 Domini
884 1895 1070 1968 millesimo
1104 1893 1459 1992 quadringentesimo
1497 1893 1666 1992 qninqua-

404 2019 546 2118 gesimo
576 2041 687 2112 nono,
715 2027 879 2118 tempore
895 2017 1075 2116 judicatus
1104 2019 1207 2092 tercii
1235 2015 1418 2092 Valentini
1446 2015 1505 2091 filii
1535 2015 1665 2091 Micha-

405 2143 481 2229 elis
512 2142 672 2216 moderni
699 2140 856 2240 (judicis)
886 2141 1042 2218 civitatis
1071 2150 1277 2240 prenotate,
1306 2163 1455 2240 presens
1481 2142 1668 2216 laternum

406 2264 624 2341 estfactum
655 2264 745 2341 feria
777 2266 892 2340 tercia
920 2267 1084 2365 proxima
1116 2275 1201 2341 ante
1239 2264 1371 2340 festum
1400 2263 1666 2340 Purificacionis

405 2391 514 2465 beate
544 2387 657 2464 blarie
686 2411 831 2488 semper
849 2390 1008 2489 virginis,
1037 2413 1128 2464 nunc
1148 2390 1312 2488 proxime
1340 2383 1538 2475 venturum,
1560 2410 1668 2486 super

405 2514 670 2612 registracione
708 2524 747 2590 et
783 2515 1065 2613 consignacione
1102 2514 1285 2589 literarum
1320 2513 1589 2613 privilegialium
1620 2512 1666 2587 ci-

404 2639 497 2712 vium
532 2645 570 2713 et
598 2637 875 2714 inhabitatorum
909 2639 1064 2714 civitatis
1093 2646 1285 2738 prenotate
1323 2637 1430 2713 modo
1468 2646 1507 2712 et
1543 2636 1667 2711 ordine

905 2761 1154 2862 infrascriptis,

912 3039 980 3106 (30.
995 3029 1159 3104 januarii).

510 3168 587 3230 ltem
612 3170 737 3232 Blasius
755 3167 873 3251 Sporar
898 3169 1060 3252 quendam
1085 3169 1223 3230 fundum
1247 3169 1504 3230 condicionalem
1530 3168 1665 3230 ecclesie

408 3289 514 3338 nostre
539 3277 623 3339 beati
656 3278 784 3339 Martini
817 3278 957 3360 episcopi
990 3291 1021 3338 et
1052 3275 1243 3338 confessoris
1275 3277 1307 3337 in
1340 3276 1495 3338 suburbio
1530 3275 1667 3337 civitatis

406 3397 572 3466 prenotate
590 3383 732 3462 fundate,
750 3403 847 3465 penes
862 3383 998 3444 eandem
1021 3383 1187 3444 ecclesiam
1206 3384 1245 3444 ab
1262 3402 1335 3461 nna,
1353 3382 1503 3444 videlicet
1527 3402 1544 3443 a
1569 3382 1664 3443 meri·

405 3491 527 3552 dionali
552 3507 640 3574 parte
665 3490 821 3569 habitum,
845 3510 880 3550 ac
906 3491 987 3550 inter
1011 3490 1145 3551 domum
1178 3504 1209 3550 et
1233 3487 1370 3550 fundum
1395 3489 1558 3550 Valentini
1583 3487 1664 3549 fabri

406 3598 547 3659 concivis
571 3597 669 3658 nostri
695 3598 734 3658 ab
759 3597 867 3676 altera,
892 3596 1081 3658 videliceta
1114 3596 1367 3678 septemtrionali
1393 3609 1481 3677 parte
1505 3595 1663 3673 habitum,

405 3723 501 3764 unam
534 3703 760 3764 tantummodo
792 3717 937 3783 quartam
971 3703 1058 3764 curie
1088 3703 1128 3762 ad
1161 3722 1253 3764 usum
1287 3702 1370 3764 dicte
1402 3701 1539 3764 civitatis
1574 3703 1605 3762 in
1631 3721 1663 3762 se

405 3811 635 3889 continentem,
659 3809 804 3870 vendidit
829 3809 1008 3870 Laurencio
1030 3807 1097 3870 filio
1123 3809 1275 3891 Symonis
1298 3809 1338 3870 de
1356 3809 1544 3887 Bmzencze,
1569 3828 1664 3891 super

404 3916 491 3997 quod
517 3935 576 3976 nos
600 3915 704 3977 eidem
729 3915 810 3976 banc
835 3915 1069 3996 prerogativam
1096 3915 1250 3977 libertatis
1280 3915 1429 3977 dedimus
1454 3929 1484 3976 et
1507 3915 1663 3976 concessi-

405 4043 476 4084 mus
500 4023 540 4084 ad
565 4023 837 4104 supplicacionem
863 4022 992 4103 plebani
1021 4020 1140 4103 prefate
1172 4023 1316 4102 ecclesie,
1348 4037 1382 4083 ut
1407 4042 1465 4083 nec
1488 4022 1556 4104 ipse
1581 4021 1662 4082 Lau·

404 4129 529 4190 rencius
553 4148 610 4190 nec
635 4128 767 4189 heredes
792 4143 823 4189 et
838 4148 1036 4190 successores
1060 4129 1108 4189 sui
1126 4129 1268 4210 aliquam
1287 4144 1392 4190 raxam
1416 4147 1474 4188 seu
1497 4129 1663 4207 concrum,

404 4255 509 4315 neque
534 4235 661 4316 aliquos
685 4235 810 4296 labores
842 4235 1032 4313 ordinarios,
1065 4255 1169 4317 neque
1201 4235 1397 4317 vigilaturus,
1421 4253 1527 4315 neque
1561 4234 1661 4296 eciam

403 4341 510 4422 aliqua
528 4342 660 4402 servicia
686 4357 792 4403 nostra
818 4343 1002 4404 communia
1028 4342 1120 4402 nobis
1143 4342 1195 4402 vel
1219 4342 1441 4403 communitati
1469 4355 1576 4404 nostre
1594 4341 1661 4401 ullo

403 4467 546 4529 unquam
571 4463 715 4530 tempore
741 4449 864 4508 solvere
890 4463 920 4509 et
944 4448 1093 4509 exbibete
1118 4468 1154 4508 ac
1172 4447 1347 4530 inpendere
1372 4463 1477 4530 preter
1501 4447 1662 4510 condicio-

403 4574 476 4615 nem
501 4552 736 4636 infrascriptam
761 4556 875 4616 debeat
900 4569 931 4616 et
955 4569 1132 4632 teneantur,
1167 4554 1222 4616 sed
1248 4575 1264 4616 a
1296 4554 1463 4616 solucione
1488 4567 1520 4615 et
1543 4553 1662 4616 exhibi-

403 4661 495 4722 cione
520 4679 632 4722 eorum
657 4662 776 4722 amodo
804 4675 834 4722 et
858 4662 890 4722 in
915 4676 1104 4743 perpetuum
1122 4681 1248 4743 semper
1265 4661 1328 4723 sint
1351 4660 1444 4722 liberi
1466 4675 1497 4722 et
1525 4658 1663 4741 exempti

403 4767 444 4828 ita
468 4781 585 4846 tamen,
611 4768 698 4848 quod
723 4766 865 4849 prefatus
890 4768 1085 4828 Laurencius
1102 4787 1137 4828 ac
1161 4788 1216 4850 per
1242 4787 1314 4828 eum
1333 4751 1438 4830 cuncti
1456 4768 1504 4828 sui
1530 4765 1663 4828 heredes

404 4888 433 4935 et
457 4893 654 4935 successores
679 4874 817 4936 universi
854 4874 952 4954 ipsius
983 4873 1132 4936 videlicet
1164 4873 1254 4936 lundi
1280 4893 1338 4956 pro
1369 4888 1515 4956 tempore
1539 4893 1661 4956 posses-

403 4999 489 5041 sores
532 4981 667 5062 singulis
710 4981 802 5042 annis
841 4995 872 5042 et
904 4980 1104 5062 temporibus
1135 4981 1296 5064 perpetuis
1339 4981 1378 5042 de
1410 4981 1525 5046 eodem
1562 4979 1657 5045 fundc
