3854 5798
782 548 872 610 Anno
894 545 988 626 1468.
1476 548 1540 629 267

275 781 351 824 nare
376 761 468 824 nullo
493 763 592 825 modo
617 762 723 824 valeat
755 782 860 844 neque
892 763 1016 845 possint
1039 763 1138 826 modo
1171 763 1316 846 aliquali.
1341 764 1463 826 Literas
1486 783 1539 826 an·

273 871 379 954 tiquas
402 891 505 934 cassas
529 885 560 934 et
585 883 729 934 mortuas
754 871 979 953 relinquimus.
996 871 1030 932 ln
1055 891 1194 953 quorum
1219 871 1368 933 omnium
1394 883 1452 934 etc.
1478 869 1541 932 Da·

273 992 342 1040 tum
367 979 400 1040 in
423 978 534 1060 vigilia
560 978 630 1042 festi
654 976 904 1042 Purificacionis.
930 983 1026 1040 Anno
1051 978 1246 1060 supradicto·
1535 987 1537 992 ’

381 1084 480 1159 Quod
504 1085 580 1167 quia
605 1084 740 1166 provida
774 1084 890 1146 mulier
915 1085 1015 1146 Elena
1039 1085 1132 1146 aliter
1164 1085 1254 1146 Jellra
1286 1097 1398 1146 vocata
1431 1083 1541 1146 relicta

274 1191 411 1253 condam
430 1191 586 1254 Anthonii
605 1191 795 1275 Oprasnych
813 1204 885 1269 etc.,
910 1191 988 1254 olim
1006 1190 1100 1272 jurati
1125 1206 1156 1253 ct
1172 1191 1314 1253 concivis
1338 1191 1436 1253 nostri
1455 1211 1540 1254 nunc

274 1317 351 1360 vero
374 1317 506 1360 consors
533 1297 692 1379 legittima
718 1296 804 1360 Galli
836 1298 955 1359 sutoris
977 1296 1034 1360 lilii
1067 1298 1197 1360 Andree
1222 1297 1261 1360 de
1287 1298 1440 1381 Dubycza
1465 1317 1540 1359 con·

274 1406 352 1468 civis
384 1405 503 1484 nostri,
536 1406 568 1467 id
602 1425 674 1467 cum
711 1403 883 1468 sullicienti
919 1405 1106 1467 testimonio
1142 1405 1323 1468 concivium
1359 1417 1541 1466 nostrorum

274 1513 507 1596 comprobavit,
532 1525 566 1574 ut
590 1513 667 1574 dum
693 1511 834 1584 prelatus
858 1511 995 1574 condam
1021 1511 1205 1574 Anthonius
1222 1511 1412 1594 Oprasnych
1438 1511 1469 1572 in
1488 1530 1540 1572 ex·

273 1619 384 1682 tremis
407 1621 472 1680 suis
495 1619 683 1697 laborasset,
701 1633 776 1682 tunc
794 1619 861 1700 ipse
888 1620 1052 1680 universas
1069 1618 1296 1701 possessiones,
1314 1639 1372 1680 nec
1397 1637 1462 1680 non
1480 1637 1540 1694 res,

274 1726 370 1804 bona,
394 1725 623 1807 possessiones,
639 1723 787 1807 (h)ortos,
812 1725 932 1803 vineas,
949 1725 1046 1786 silvas
1062 1743 1157 1807 super
1174 1725 1275 1806 ipsam
1294 1739 1324 1786 et
1348 1723 1540 1786 Michaelem

274 1830 377 1894 filium
402 1850 497 1892 suum
522 1831 694 1892 dimisisset
723 1830 917 1914 possidenda
949 1851 986 1892 ac
1020 1830 1127 1892 debita
1153 1830 1252 1912 ipsius
1284 1829 1474 1909 exolvendo,
1498 1831 1541 1890 ob

275 1936 337 1999 hoc
363 1937 431 2020 ipsa
455 1929 617 2018 quendam
643 1935 778 1998 fundum
804 1957 897 1998 suum
931 1957 1016 1998 nunc
1041 1956 1175 1999 vacuum
1209 1950 1240 1999 et
1263 1935 1421 1998 hedificiis
1446 1936 1541 1998 desti·

274 2057 391 2122 tutum,
416 2057 554 2126 quatuor
579 2057 707 2125 quartas
730 2043 815 2106 curie
846 2044 878 2104 in
902 2063 935 2104 se
959 2043 1187 2122 continentem,
1219 2044 1251 2105 in
1287 2044 1359 2105 vico
1393 2042 1540 2104 exteriori

275 2164 420 2212 sutorum
447 2163 477 2212 et
502 2150 584 2212 inter
615 2149 751 2211 lundum
784 2169 921 2212 vacuum
956 2149 1123 2212 Michaelis
1155 2147 1304 2231 pellificis
1329 2149 1486 2227 habitum,
1511 2161 1543 2212 et

275 2256 356 2318 inter
380 2256 448 2317 vias
471 2274 672 2334 communes,
697 2255 834 2338 desuper
867 2277 884 2317 a
909 2257 961 2317 via
986 2256 1155 2318 communi
1187 2269 1218 2318 et
1242 2254 1324 2318 inlra
1348 2274 1450 2337 usque
1474 2273 1540 2317 me-

276 2377 364 2425 atum
389 2383 444 2425 seu
469 2362 610 2426 rivulum
635 2363 734 2444 vulgo
759 2362 976 2448 Mathychyna
993 2363 1114 2424 dictum
1138 2383 1171 2425 se
1196 2362 1439 2439 extendentem;
1463 2363 1540 2424 item

276 2469 438 2552 quandam
456 2483 572 2533 terram
591 2470 746 2532 arabilem
760 2489 832 2532 cum
846 2470 985 2549 stabulo,
1012 2484 1096 2532 retro
1110 2469 1277 2532 ecclesiam
1290 2469 1390 2532 sancti
1408 2467 1540 2550 Georgii

277 2591 308 2639 et
331 2577 413 2638 inter
438 2576 518 2638 duas
541 2577 608 2638 vias
640 2595 829 2638 communes
861 2575 1015 2655 habitam,
1039 2574 1162 2658 prelato
1188 2574 1283 2637 Gallo
1316 2576 1384 2638 viro
1416 2594 1475 2638 suo
1507 2587 1539 2636 et

277 2683 343 2746 suis
356 2681 528 2746 heredibus
541 2703 600 2766 pro
617 2683 767 2745 undecim
785 2682 853 2745 flor.
871 2702 929 2764 pro
946 2682 1109 2765 premissis
1126 2681 1241 2744 debitis
1253 2681 1450 2744 vendidisset
1466 2681 1534 2763 jure

277 2805 433 2872 perpetuo
457 2789 685 2872 possidendam
710 2790 795 2872 juxta
821 2789 1046 2852 condicionem
1076 2788 1196 2871 prefate
1222 2787 1368 2852 civitatis.

381 2895 459 2959 ltem
478 2897 553 2978 quia
567 2896 723 2978 providus
740 2896 887 2958 Thomas
904 2895 1043 2977 agricola
1061 2893 1146 2958 filius
1158 2895 1322 2958 Valentini
1337 2894 1377 2957 de
1396 2893 1539 2958 Cherno·

276 3021 393 3082 mercz,
417 3002 573 3084 quasdam
600 3002 681 3064 duas
705 3003 803 3064 silvas
826 3022 899 3064 suaa
931 3003 963 3063 in
988 3003 1151 3064 territorio
1184 3002 1268 3064 dicte
1293 3001 1430 3064 civitatis
1454 3015 1485 3063 et
1508 3002 1541 3062 in

277 3121 385 3171 monte
410 3109 493 3170 dicte
517 3107 592 3169 ville
617 3108 858 3172 Chernomercz
891 3127 960 3170 sese
985 3109 1165 3190 contiguas,
1197 3109 1279 3172 inter
1302 3109 1399 3170 silvas
1423 3108 1541 3170 libero·

277 3233 348 3278 rum
372 3216 509 3278 condam
536 3214 713 3277 Clementis
737 3215 877 3296 agricole
901 3215 979 3276 olim
1005 3215 1147 3277 concivis
1164 3216 1274 3294 nostri,
1299 3217 1338 3276 ab
1364 3233 1426 3276 una
1454 3213 1540 3278 vide·

277 3321 353 3384 licet
376 3342 393 3383 a
418 3321 623 3384 meridionali
649 3335 737 3403 parte
763 3337 794 3383 et
811 3322 893 3382 inter
909 3319 1074 3402 quoddam
1093 3319 1246 3382 fossatum
1271 3341 1288 3382 a
1313 3319 1541 3402 septemtrione

278 3447 334 3490 seu
359 3443 500 3490 meatum
517 3447 611 3510 aque,
636 3428 774 3510 desuper
792 3428 876 3489 avia
895 3428 1060 3489 communi
1078 3429 1117 3489 ab
1135 3428 1268 3504 oriente,
1293 3441 1324 3488 et
1341 3426 1423 3488 infra
1439 3445 1541 3508 usque

278 3534 418 3596 rivulum
442 3536 482 3596 ab
507 3535 694 3613 occidente,
719 3533 895 3596 Benedicto
928 3533 1068 3613 agricole
1100 3533 1191 3595 aliter
1216 3534 1324 3594 Benek
1355 3532 1442 3594 dicto
1473 3531 1541 3593 filio

279 3639 433 3704 Demetrii
467 3640 689 3723 Thrwnthych
722 3640 809 3702 dicto
842 3639 881 3700 de
913 3639 1077 3701 Petrovvcz
1111 3658 1169 3721 pro
1201 3638 1446 3721 quatuordecim
1471 3638 1540 3702 flor.

278 3748 346 3810 auri
370 3747 567 3810 vendidisset
590 3747 677 3830 juxta
702 3747 927 3809 condicionem
960 3746 1043 3808 dicte
1071 3745 1208 3808 civitatis
1231 3745 1539 3827 quomodocumque

277 3853 416 3916 voluerit
440 3853 687 3936 disponendam.
1154 3851 1156 3874 '

384 3959 482 4034 Quod
506 3960 582 4042 quia
606 3959 745 4022 Mathias
776 3973 864 4022 sutor
896 3959 936 4022 de
961 3958 1209 4042 Nowachychan
1242 3958 1366 4040 pridem
1399 3957 1541 4019 concivis

278 4080 385 4128 noster
409 4067 440 4127 in
466 4065 636 4128 manifesto
661 4066 838 4128 homicidio
863 4067 1001 4128 condam
1026 4067 1178 4149 Symonis
1205 4065 1323 4127 sutoris
1348 4063 1439 4126 Sterk
1464 4064 1540 4126 dicti

279 4171 428 4234 similiter
451 4172 593 4234 concivis
617 4173 728 4250 nostri,
753 4173 785 4233 in
802 4173 886 4234 dicta
912 4173 1038 4234 civitate
1056 4187 1199 4254 repertus
1223 4171 1283 4234 luit
1307 4184 1465 4250 exacerto,
1483 4171 1540 4252 qui

277 4277 317 4339 ad
343 4278 458 4340 trinam
484 4277 644 4340 forensem
669 4279 963 4361 proclamacionem
999 4279 1082 4342 dicte
1106 4279 1243 4341 civitatis
1274 4291 1406 4340 vocatus
1430 4279 1469 4339 ad
1493 4277 1540 4358 ju·

277 4383 399 4446 dicium
424 4383 495 4462 fuit,
520 4398 575 4446 aut
598 4385 624 4446 si
649 4385 766 4466 aliquis
798 4405 856 4467 pro
889 4385 1004 4447 eodem
1035 4400 1222 4468 procurator
1254 4383 1366 4447 luisset
1400 4383 1540 4445 eundem

278 4504 509 4573 expurgaturus
541 4490 580 4552 de
619 4490 797 4553 homicidio
838 4505 1024 4573 prenotato;
1062 4491 1251 4573 quiquidem
1285 4489 1421 4552 Mathias
1452 4502 1541 4551 sutor

277 4595 317 4658 ad
341 4596 556 4678 predictarum
581 4598 679 4658 trium
703 4598 999 4679 proclamacionum
1033 4598 1208 4660 terminum
1232 4617 1264 4658 se
1290 4609 1539 4679 expurgaturum

278 4701 317 4764 de
343 4701 528 4764 huiusmodi
553 4703 732 4765 homicidio
757 4703 855 4764 nostri
882 4704 912 4764 in
939 4704 1135 4786 presenciam
1162 4723 1226 4764 non
1252 4705 1339 4764 venit
1363 4723 1421 4764 nec
1445 4703 1541 4781 misit,

278 4827 337 4870 nec
360 4827 420 4890 pro
445 4828 484 4870 eo
508 4809 626 4891 aliquis
650 4825 839 4891 procurator
866 4811 1024 4892 apparuit,
1057 4810 1132 4872 ideo
1166 4830 1225 4872 nos
1249 4810 1335 4890 juxta
1359 4810 1540 4873 libertatem

279 4927 419 4976 nostram
444 4935 462 4976 a
487 4915 569 4977 divis
593 4917 724 4997 regibus
742 4916 907 4998 Hungarie
927 4917 1020 4978 nobis
1038 4917 1195 4977 indultam
1215 4931 1245 4977 et
1262 4916 1348 4994 juxta
1374 4917 1539 4997 privilegia

279 5019 362 5084 dicte
385 5021 522 5086 civitatis
545 5041 603 5108 pro
627 5023 693 5086 suis
718 5021 879 5088 homicide
902 5023 1065 5087 demeritis
1096 5023 1243 5088 universe
1268 5023 1484 5104 possessiones
1509 5023 1539 5088 in
