3832 5804
578 1583 707 1685 (douo
733 1583 891 1674 Domini
917 1581 1228 1688 moooonmfl.)

260 1920 350 1998 Item
378 1923 413 2000 in
440 1945 534 1998 anno
572 1921 717 1998 Domini
755 1921 943 1999 millesimo
979 1923 1333 2024 quadringentesimo
1371 1945 1525 2023 sexage-

260 2047 351 2124 simo
378 2047 506 2138 tercio,
534 2054 702 2148 tempore
729 2047 899 2124 videlicet
927 2042 1104 2136 iudicatus
1133 2047 1250 2148 quarti
1286 2047 1351 2124 viri
1388 2047 1526 2148 providi

260 2178 299 2248 et
325 2169 469 2246 honesti
498 2167 681 2247 Valentini
718 2169 843 2267 judicis
881 2169 940 2247 filii
978 2169 1173 2264 Michaelis
1204 2193 1355 2272 presens
1385 2169 1524 2248 cather-

259 2317 341 2370 num
379 2303 440 2372 est
475 2294 608 2370 factum
638 2295 696 2371 die
726 2295 903 2372 dominico
934 2297 1097 2396 proximo
1133 2304 1219 2372 ante
1254 2296 1387 2374 festum
1413 2295 1523 2376 ¹Puri-

258 2416 441 2494 ficacionis
469 2419 618 2519 virginis
656 2419 829 2518 gloriose,
858 2443 949 2496 nunc
986 2421 1148 2520 proxime
1189 2429 1387 2512 venturum,
1416 2443 1525 2520 super

260 2543 544 2643 consignatione
583 2551 621 2620 et
658 2543 924 2643 registracione
954 2545 1136 2621 literarum
1163 2543 1438 2645 privilegialium
1476 2543 1523 2620 ci·

258 2667 352 2742 vium
385 2674 424 2744 et
461 2667 740 2744 inhabitatorum
778 2668 934 2744 civitatis
963 2675 1157 2769 prenotate
1195 2667 1304 2744 modo
1333 2676 1372 2744 et
1399 2667 1524 2744 ordine

760 2791 1011 2892 infrascriptis.

769 3054 833 3118 (30.
850 3042 1015 3119 januarii).

365 3199 463 3274 Quod
487 3199 622 3284 provida
647 3213 678 3263 et
701 3200 835 3266 honesta
864 3200 995 3263 domina
1031 3201 1130 3264 Elena
1155 3200 1276 3280 relicta,
1300 3219 1359 3261 nec
1383 3219 1448 3262 noo
1475 3199 1522 3262 di-

257 3306 350 3368 screti
382 3307 441 3370 viri
473 3305 598 3368 domini
623 3307 742 3370 Paulus
766 3321 797 3370 et
821 3306 982 3389 Georgius
1012 3307 1180 3390 presbiteri
1212 3321 1243 3368 et
1275 3307 1442 3368 Emericus
1465 3303 1523 3368 filii

258 3413 394 3476 condam
419 3413 546 3496 providi
571 3414 629 3476 viri
655 3414 809 3497 Stephani
834 3414 1025 3497 carpentarii
1060 3413 1173 3476 decani
1198 3413 1363 3475 colendini
1388 3431 1521 3496 carpen·
1596 3419 1598 3422 ’

258 3519 413 3582 tariorum
438 3518 495 3581 filii
521 3519 612 3582 Pauli
645 3520 720 3582 dicti
746 3520 907 3604 Kobylich
940 3521 1018 3582 olim
1051 3519 1191 3586 concivis
1223 3519 1333 3598 nostri,
1358 3518 1520 3601 quandam

259 3624 384 3686 vineam
411 3625 553 3707 ipsorum
580 3626 610 3687 in
636 3627 797 3688 territorio
815 3641 925 3688 nostro
947 3626 978 3688 in
998 3626 1159 3688 vicinitate
1184 3625 1278 3686 vinee
1302 3643 1522 3687 successorum

258 3731 387 3793 Andree
411 3732 523 3793 decani
548 3731 605 3794 filii
631 3732 760 3795 Thome
785 3733 917 3796 alatere
942 3732 1098 3816 superiori
1117 3745 1148 3794 et
1171 3751 1262 3794 secus
1285 3732 1369 3793 viam
1388 3731 1519 3794 clanecz

257 3853 402 3900 vocatam
428 3858 446 3900 a
471 3853 558 3921 parte
583 3839 731 3900 orientali
758 3851 788 3902 et
804 3858 903 3922 penes
925 3837 1087 3920 quendam
1106 3837 1246 3900 rivulum
1271 3857 1326 3898 seu
1351 3837 1522 3900 decursum

257 3964 340 4026 aque
365 3965 382 4006 a
407 3945 609 4006 meridionali
635 3945 740 4027 plaga,
765 3945 903 4027 desuper
935 3964 951 4006 a
977 3945 1026 4006 via
1059 3944 1225 4006 communi
1248 3944 1288 4005 ab
1312 3943 1436 4006 oriente
1460 3944 1520 4006 sita

255 4050 407 4130 habitam,
431 4066 462 4114 et
479 4049 559 4114 inira
577 4071 678 4134 usque
696 4051 834 4113 rivulum
860 4051 1059 4129 existentem,
1077 4071 1112 4113 ac
1137 4051 1218 4113 inter
1234 4048 1331 4114 fenile
1349 4049 1516 4112 Benedicti

258 4155 409 4220 aurifabri
434 4159 569 4220 senioris
593 4157 686 4239 jurati
719 4171 750 4220 et
781 4159 922 4220 concivis
947 4158 1045 4220 nostri
1070 4156 1127 4220 filii
1161 4157 1314 4239 Stephani
1350 4157 1460 4239 generi
1487 4169 1517 4218 et

256 4264 447 4326 successoris
463 4264 600 4326 condam
621 4263 787 4326 Michaelis
805 4265 884 4326 olim
905 4265 1041 4328 senioris
1057 4263 1172 4346 judicis
1196 4275 1227 4325 et
1250 4263 1393 4324 concivis
1417 4262 1518 4325 nostri

256 4368 313 4432 filii
339 4369 519 4432 Sebastiani
544 4369 696 4450 habitam,
712 4390 773 4431 una
799 4390 871 4431 cum
897 4370 947 4431 via
966 4390 1081 4452 magna
1106 4383 1137 4430 et
1160 4369 1323 4431 communi
1350 4369 1521 4430 desubtus

256 4495 292 4537 ac
316 4475 457 4558 virgulto
482 4476 588 4538 eidem
612 4477 705 4539 vinee
722 4477 899 4559 subjacenti
921 4475 1046 4560 prelato
1065 4477 1240 4539 Benedicto
1263 4490 1428 4556 tamquam
1446 4495 1519 4560 pro·

255 4582 352 4664 priori
378 4583 486 4644 vicino
510 4583 732 4645 vendidissent
756 4597 813 4646 etc.

361 4687 438 4750 item
450 4688 538 4771 quod
552 4689 584 4751 in
598 4709 683 4751 anno
698 4689 829 4751 Domini
841 4689 1015 4752 millesimo
1026 4689 1345 4774 quadringentesimo
1359 4689 1518 4770 quinqua-

253 4795 377 4877 gesimo
402 4815 501 4873 nono,
533 4809 678 4878 tempore
711 4796 862 4859 videlicet
894 4797 1025 4860 secundi
1060 4795 1218 4877 judicatus
1252 4795 1311 4858 viri
1336 4795 1463 4878 providi
1488 4808 1519 4857 et

253 4901 477 4984 circumspecti
503 4883 658 4965 Johannis
682 4903 818 4964 senioris
851 4902 967 4984 judicis
998 4916 1029 4965 et
1052 4902 1194 4965 concivis
1225 4902 1325 4964 nostri
1351 4899 1407 4964 filii
1430 4899 1517 4962 vide·

252 5007 327 5071 licet
353 5008 449 5088 Petri,
474 5007 552 5072 feria
576 5022 662 5071 sexta
687 5010 833 5093 proxima
861 5023 935 5072 ante
967 5008 1082 5072 festum
1108 5009 1193 5072 beati
1219 5007 1349 5072 Martini
1372 5006 1516 5091 episcopi
