3816 5802
413 539 456 597 44
934 515 1021 574 sinna
1048 531 1137 613 14451.

416 610 552 618 ..ην-ψη-
562 610 598 616 --
618 610 627 615 -
638 609 826 616 -—----—-—-
843 608 1037 616 .-.,-----..-.
1599 604 1610 609 -
1627 603 1675 609 --

413 752 483 794 rum
510 732 540 793 in
566 732 650 793 dicta
675 731 803 792 civitate
829 731 910 792 inter
943 730 1077 792 domum
1103 730 1250 810 ligneam
1274 742 1305 790 et
1337 727 1472 790 fundum
1498 727 1675 790 Sebastiani

414 839 563 900 Soldinar
596 851 626 900 et
658 837 834 898 liberorum
867 837 1006 898 condam
1041 835 1226 913 Michaelis,
1259 857 1276 896 a
1308 835 1505 912 meridione,
1536 854 1572 896 ac
1597 835 1677 895 inter

413 944 546 1005 domum
572 958 728 1005 muratam
755 957 860 1005 nostre
885 943 1125 1006 communitatis
1148 942 1268 1021 habite,
1292 961 1392 1003 unam
1417 954 1561 1022 quartam
1587 940 1673 1002 curie

413 1066 444 1113 et
468 1051 673 1114 medietatem
700 1065 813 1132 quarte
832 1051 929 1134 partis
946 1050 1033 1112 curie
1058 1050 1089 1112 in
1107 1069 1140 1112 se
1158 1049 1389 1127 continentem,
1407 1047 1548 1129 Georgio
1566 1047 1673 1108 clienti

413 1156 480 1218 filio
504 1157 658 1218 Anthonii
685 1156 828 1239 Dragyn,
860 1157 985 1218 concivi
1018 1171 1139 1236 nostro,
1172 1157 1269 1218 aliam
1303 1155 1506 1216 medietatem
1532 1153 1673 1216 eiusdem

413 1265 540 1344 domus,
565 1263 656 1325 lundi
682 1277 711 1326 et
729 1261 963 1342 hedificiorum,
980 1283 1078 1325 unam
1095 1263 1242 1325 similiter
1259 1276 1403 1344 quartam
1422 1275 1454 1324 et
1469 1261 1672 1323 medietatem

412 1385 524 1453 quarte
548 1371 645 1452 partis
669 1371 756 1432 curie
781 1369 811 1430 in
831 1389 864 1430 se
889 1371 1108 1431 continentem
1139 1369 1327 1450 possidenti,
1351 1368 1496 1430 vendidit
1520 1381 1674 1450 perpetuo

411 1477 639 1560 possidendam
663 1488 695 1538 et
717 1475 889 1558 superinde
915 1489 961 1538 est
985 1476 1075 1538 litera
1100 1477 1160 1538 sub
1184 1475 1338 1558 pendenti
1362 1473 1470 1557 sigillo
1494 1473 1673 1536 commuui-

413 1585 485 1646 tatis
510 1597 667 1648 emanata.

518 1690 596 1754 Item
623 1689 816 1752 Benedictus
848 1688 932 1750 filius
965 1688 1132 1751 Michaelis
1158 1689 1348 1767 Sebastiani,
1382 1687 1525 1749 concivis
1557 1700 1674 1763 noster,

411 1797 566 1879 quasdam
591 1797 687 1858 silvas
710 1815 783 1856 suas
808 1796 839 1856 in
872 1796 1033 1857 territorio
1058 1809 1089 1858 et
1123 1809 1232 1858 monte
1256 1795 1394 1857 civitatis
1426 1794 1568 1876 predicte
1593 1793 1673 1854 inter

414 1904 540 1964 vineam
566 1918 596 1964 et
620 1902 732 1964 silvam
759 1902 891 1964 domine
910 1901 1072 1964 Dorothee
1095 1901 1160 1964 filie
1185 1903 1323 1964 condam
1341 1901 1449 1964 Choni
1473 1901 1598 1982 judicis,
1614 1901 1673 1961 sub

411 2011 503 2072 certis
528 2010 631 2087 metis,
655 2023 686 2072 et
703 2009 878 2071 liberorum
897 2008 1034 2070 condam
1052 2008 1184 2070 domine
1203 2009 1377 2071 Katheriue
1403 2008 1512 2070 relicte
1536 2005 1671 2068 condam

410 2115 539 2177 Andree
564 2115 782 2198 Zteplrowych
809 2114 933 2177 habitas
957 2129 988 2177 et
1016 2115 1197 2196 existentes,
1229 2116 1367 2198 desuper
1391 2137 1407 2177 a
1432 2116 1483 2176 via
1508 2114 1672 2176 communi

410 2236 441 2284 et
465 2221 546 2284 infra
571 2241 673 2304 usque
697 2222 836 2283 rivulum
861 2241 894 2282 se
919 2221 1137 2302 extendentes,
1171 2222 1279 2284 Blasio
1302 2221 1400 2302 judici
1425 2219 1492 2283 lilio
1517 2220 1608 2282 Pauli
1633 2239 1669 2282 ex

409 2348 566 2390 consensu
589 2328 769 2389 vicinorum
795 2327 1012 2410 predictorum
1037 2328 1183 2390 vendidit
1207 2341 1363 2411 perpetuo
1391 2325 1617 2411 possidendam
1636 2339 1666 2387 et

411 2435 583 2516 superinde
607 2449 653 2496 est
677 2433 769 2495 litera
793 2433 852 2494 sub
878 2433 1030 2517 pendenti
1065 2435 1172 2516 sigillo
1198 2435 1437 2497 communitatis
1460 2447 1616 2496 emanata.

516 2540 593 2603 Item
620 2540 704 2602 lwan
729 2539 815 2601 filius
841 2540 967 2602 Lucasii
993 2541 1032 2602 de
1066 2541 1242 2625 Bysewych
1275 2541 1480 2603 medietatem
1506 2539 1669 2601 cuiusdam

410 2648 537 2726 domus,
561 2645 665 2726 fundi,
690 2646 864 2727 celariique
890 2660 921 2708 et
944 2645 1166 2710 hedificiorum
1202 2648 1232 2708 in
1258 2647 1331 2708 vieo
1356 2647 1504 2709 exteriori
1527 2661 1672 2708 sutorum

411 2753 492 2816 inter
516 2752 634 2815 fundos
657 2767 687 2815 et
711 2753 826 2815 domos
844 2753 940 2814 Blasii
966 2753 1078 2816 decani
1103 2767 1134 2816 et
1159 2754 1334 2816 liberorum
1348 2753 1486 2816 condam
1518 2752 1671 2815 Johannis

409 2859 567 2921 sellatoris
592 2859 699 2922 habite
724 2873 754 2922 et
778 2859 952 2939 existentis,
969 2861 1157 2942 porcionem
1180 2861 1331 2923 videlicet
1346 2880 1448 2940 suam,
1465 2879 1562 2923 unam
1580 2879 1671 2941 quar·

409 2978 473 3026 tam
499 2968 585 3026 curie
611 2965 642 3026 in
668 2985 700 3026 se
726 2965 956 3045 continentem,
981 2967 1085 3047 ipsum
1118 2967 1252 3049 juridice
1276 2968 1370 3030 titulo
1394 2966 1573 3050 emptionis
1596 2985 1671 3027 con·

409 3085 604 3151 cernentem,
630 3071 759 3134 Thome
792 3070 944 3154 frenipari
976 3071 1043 3134 filio
1072 3074 1201 3135 Andree
1226 3073 1350 3135 concivi
1385 3087 1506 3153 nostro,
1539 3093 1671 3135 consan-

408 3179 527 3258 guineo
552 3197 622 3256 suu,
646 3176 792 3239 vendidit
815 3191 972 3260 perpetuo
1004 3179 1231 3261 possidendam
1257 3193 1287 3241 et
1315 3179 1486 3262 superinde
1511 3191 1559 3240 est
1581 3179 1671 3240 litera

409 3287 467 3347 sub
491 3285 644 3367 pendenti
669 3285 777 3366 sigillo
802 3285 1043 3348 communitatis
1067 3301 1223 3349 emanata.

514 3393 592 3453 ltem
618 3390 744 3470 domus,
770 3390 899 3467 fundus,
924 3392 1078 3454 celarium
1104 3407 1134 3454 et
1166 3391 1313 3454 hedificia
1339 3393 1437 3454 Marci
1463 3392 1538 3454 dicti
1563 3391 1671 3454 Pedlro

408 3497 447 3557 de
472 3497 614 3559 Hrascha
639 3497 743 3559 dictus
765 3498 970 3580 Koskowych
996 3511 1026 3560 et
1050 3498 1196 3561 Thomas
1220 3499 1259 3560 de
1284 3499 1504 3578 Wlkomercz,
1529 3499 1560 3560 in
1585 3498 1669 3560 dicta

407 3603 534 3665 civitate
565 3605 647 3666 inter
678 3603 813 3665 domum
847 3617 877 3664 et
909 3603 1045 3666 fundum
1080 3605 1255 3667 Bernhardi
1292 3603 1444 3686 lutifiguli
1478 3619 1509 3667 et
1541 3605 1670 3666 Thome

409 3711 532 3792 Dragos
556 3730 591 3771 ac
616 3711 715 3772 Marci
740 3709 843 3772 fratris
874 3710 1012 3772 condam
1044 3709 1168 3772 domini
1194 3712 1292 3773 Marci
1326 3711 1433 3772 habita
1468 3723 1500 3774 et
1524 3713 1670 3788 existens,

407 3817 546 3878 mediam
572 3817 693 3878 curiam
711 3817 743 3877 in
767 3836 800 3878 se
819 3817 998 3896 continens,
1023 3837 1060 3878 ex
1085 3837 1135 3896 eo,
1152 3818 1227 3898 quia
1244 3817 1284 3879 de
1301 3817 1413 3878 eadem
1440 3816 1550 3894 domo,
1568 3815 1669 3876 fundo

407 3939 437 3984 et
460 3923 617 3986 hedificiis
641 3921 754 4006 prefati
773 3923 900 3984 Marcus
917 3923 1141 4007 Koschowych
1158 3938 1189 3985 et
1207 3923 1351 3985 Thomas
1374 3943 1390 3984 a
1408 3922 1555 4005 pluribus
1572 3936 1669 3984 retro-

407 4031 484 4091 actis
500 4031 700 4112 temporibus
716 4043 803 4091 taxas
826 4043 890 4091 tam
915 4030 1040 4090 domiai
1060 4031 1159 4092 nostri
1175 4030 1258 4112 regis
1283 4049 1379 4111 quam
1404 4030 1542 4091 aliorum
1566 4028 1668 4089 domi·

407 4155 520 4197 norum
553 4149 735 4199 nostrorum
760 4155 937 4218 supernos
962 4155 1019 4218 pro
1044 4150 1187 4219 tempore
1213 4136 1472 4214 constitutorum,
1496 4155 1532 4196 ac
1556 4134 1667 4215 vigila-

405 4257 491 4304 turus
515 4257 545 4304 et
562 4243 624 4304 alia
650 4242 757 4304 debita
782 4262 818 4303 ac
842 4256 1024 4325 opportuna
1042 4243 1174 4304 servicia
1199 4257 1306 4303 nostra
1331 4241 1516 4303 communia
1535 4241 1668 4302 minime

405 4349 480 4408 dare
505 4362 535 4410 et
567 4349 691 4410 solvere
716 4368 752 4408 ac
785 4348 961 4429 inpendere
990 4349 1183 4428 noluerunt,
1216 4349 1351 4410 domiuo
1384 4347 1527 4410 Seboldo
1560 4347 1670 4428 Mayar

404 4474 462 4537 pro
487 4456 588 4517 tribus
613 4455 681 4518 flor.
705 4454 775 4516 auri
800 4468 847 4517 est
870 4455 1000 4518 vendita
1023 4476 1080 4539 per
1096 4456 1361 4518 communitatem
1387 4469 1543 4538 perpetuo
1568 4453 1668 4536 possi·

404 4561 508 4623 denda
541 4575 572 4623 et
594 4561 767 4643 superinde
804 4577 851 4625 est
882 4563 973 4625 litera
1005 4564 1064 4624 sub
1096 4563 1248 4646 pendenti
1285 4562 1394 4644 sigillo
1429 4561 1669 4624 communitatis

403 4680 558 4728 emanata.

509 4771 588 4834 ltem
619 4774 795 4856 Elyzabeth
829 4774 938 4836 relicta
980 4775 1117 4837 condam
1151 4777 1241 4837 Pauli
1284 4775 1446 4857 arcuparis
1485 4775 1516 4836 in
1550 4794 1606 4836 sua
1637 4789 1668 4835 et

405 4879 559 4961 Stephani
584 4879 640 4941 filii
666 4899 702 4941 ac
719 4881 832 4943 Vrsule
857 4881 922 4945 filie
940 4883 1039 4965 ipsius
1056 4882 1145 4943 Pauli
1169 4883 1340 4964 arcuparis,
1359 4903 1396 4944 ex
1414 4882 1525 4944 eadem
1552 4882 1665 4964 Elyza-

407 4985 482 5052 beth
507 4987 641 5054 muliere
666 4987 822 5074 legittime
847 4989 1006 5079 progeniti
1033 5002 1063 5052 et
1087 5003 1250 5072 procreate
1279 4989 1434 5070 personis,
1460 4989 1664 5052 medietatem
