3816 5802
790 558 875 615 Anno
897 567 989 636 1447.

257 665 772 672 ffl—-*—-

252 771 319 832 suis
343 770 549 852 pertinenciis
574 769 708 852 provide
733 770 861 832 mulieri
886 768 1078 850 Magdalene
1096 770 1205 830 relicte
1230 769 1367 831 condam
1393 769 1519 831 Nicolai

253 875 310 936 filii
337 875 462 937 Nicolai
488 874 665 958 Petrenych
691 875 850 937 divisione
874 876 956 936 inter
973 874 1075 956 ipsam
1105 874 1332 955 Magdalenam
1351 874 1519 936 mulierem

253 995 285 1044 et
308 982 391 1043 inter
414 981 581 1058 Vrbannm
606 979 709 1043 filium
727 981 863 1064 predicti
882 981 1007 1042 Nicolai
1024 981 1199 1062 superinde
1224 979 1317 1058 lacta,
1341 981 1434 1042 cessit
1452 1001 1521 1062 per·

253 1100 352 1169 petuo
376 1087 589 1170 possidenda;
615 1087 676 1148 alie
702 1101 809 1148 autem
829 1086 891 1148 due
916 1102 1020 1168 partes
1038 1085 1182 1148 eiusdem
1207 1085 1323 1148 domus
1348 1100 1471 1148 murata
1491 1098 1522 1148 et

253 1192 344 1256 fundi
369 1214 405 1256 ac
429 1193 653 1256 hedificiorum
677 1214 750 1255 cnm
775 1193 841 1254 suis
864 1193 1071 1275 pertinenciis
1104 1207 1267 1255 cesserunt
1291 1193 1435 1275 predicto
1462 1194 1520 1254 Vr·

254 1302 339 1362 bano
363 1314 518 1383 perpetuo
542 1299 689 1362 similiter
707 1299 900 1380 possidende
928 1311 959 1360 et
982 1298 1154 1381 superinde
1180 1311 1226 1361 est
1253 1298 1344 1360 litera
1361 1301 1420 1360 sub
1444 1318 1522 1381 pen-

254 1406 342 1468 denti
368 1406 475 1488 sigillo
499 1406 740 1469 communitatis
769 1419 926 1468 emanata.

361 1532 438 1593 ltem
465 1531 621 1594 medietas
645 1531 739 1592 vinee
772 1530 938 1592 cuiusdam
970 1529 1108 1591 condam
1134 1529 1259 1592 Nicolai
1284 1531 1462 1614 Petrenych
1488 1532 1519 1594 in

253 1639 417 1702 territorio
441 1639 577 1700 civitatis
601 1637 744 1721 predicte
769 1638 852 1698 inter
875 1637 986 1698 vineas
1003 1636 1177 1698 liberorum
1203 1637 1339 1698 condam
1366 1635 1521 1699 lobannis

253 1746 381 1826 judicis,
405 1766 422 1806 a
448 1745 640 1822 meridione,
665 1757 694 1804 et
719 1745 800 1805 inter
833 1743 943 1804 vineas
969 1743 1124 1805 Anthonii
1159 1743 1313 1804 institoris
1338 1756 1368 1804 et
1392 1743 1522 1806 alterius

254 1851 411 1913 Anthonii
436 1849 576 1930 agricole
601 1849 720 1928 habite,
744 1869 761 1910 a
786 1861 875 1931 parte
900 1849 993 1910 vinee
1009 1848 1150 1930 predicte
1175 1849 1317 1931 ipsorum
1343 1849 1519 1911 liberorum

255 1959 332 2019 dicti
357 1957 496 2018 condam
521 1955 678 2018 lobannis
702 1955 802 2040 Bnlye
835 1955 904 2033 sita,
938 1955 1078 2036 predicte
1113 1954 1302 2036 Magdalene
1328 1955 1466 2034 mulieri,
1492 1969 1522 2018 et

254 2065 317 2126 alia
344 2062 499 2124 medietas
524 2061 667 2123 eiusdem
693 2061 786 2122 vinee
811 2081 829 2122 a
853 2075 941 2143 parte
966 2060 1050 2123 dicte
1083 2061 1176 2122 vinee
1201 2061 1344 2143 ipsorum
1371 2062 1465 2123 unius
1491 2075 1522 2124 et

256 2171 390 2232 alterius
420 2167 576 2230 Anthonii
601 2169 660 2229 sita
692 2181 723 2229 et
754 2167 921 2248 adjacens,
953 2186 1025 2228 cum
1058 2167 1123 2228 suis
1156 2167 1347 2229 utilitatibus
1372 2181 1402 2229 et
1425 2169 1521 2250 perti·

255 2276 377 2338 nenciis
400 2275 557 2336 universis
589 2273 712 2356 prefato
736 2274 867 2336 Vrbano
891 2271 958 2334 filio
984 2273 1082 2354 ipsius
1110 2273 1236 2336 Nicolai
1261 2273 1449 2356 Petrenych,
1475 2275 1522 2336 di·

254 2383 377 2444 visione
396 2383 477 2443 inter
494 2381 580 2462 ipsos
605 2379 697 2459 lacta,
719 2380 812 2442 cessit
836 2394 992 2462 perpetuo
1010 2378 1203 2460 possidenda
1222 2393 1252 2440 et
1276 2379 1448 2462 superinde
1474 2394 1521 2442 est

254 2490 346 2552 litera
374 2489 433 2550 sub
465 2486 618 2570 pendenti
651 2485 758 2568 sigillo
783 2485 1022 2549 communitatis
1047 2499 1203 2548 emanata.

364 2613 442 2673 ltem
468 2611 593 2673 Blasius
617 2611 737 2692 juratus
759 2608 844 2671 filius
869 2608 998 2671 Thome
1023 2608 1246 2690 Wgrinowich
1271 2609 1434 2690 quandam
1461 2610 1522 2672 do·

255 2739 345 2779 mum
370 2737 459 2779 suam
486 2731 654 2795 muratam,
669 2717 765 2778 simul
790 2735 863 2778 cum
882 2713 982 2778 fundo
1008 2731 1038 2776 et
1056 2716 1173 2776 celario
1198 2716 1406 2778 subterraneo
1430 2717 1518 2778 simi-

254 2825 325 2886 liter
350 2839 475 2885 murato
500 2844 535 2884 ac
559 2821 716 2884 hedificits
740 2837 770 2884 et
794 2823 916 2884 cunctis
939 2822 1004 2882 suis
1043 2821 1234 2884 utilitatibus
1258 2834 1289 2883 et
1312 2823 1520 2903 pertinenciis

255 2931 413 2992 universis
437 2930 470 2991 in
495 2929 578 2991 dicta
604 2929 730 2990 civitate
749 2930 831 2990 inter
848 2927 962 2990 domos
980 2927 1140 2989 Valentini
1166 2926 1281 3008 judicis
1298 2941 1328 2988 et
1344 2927 1521 2990 liberorum

255 3037 347 3098 Pauli
373 3035 589 3121 Zydowchich
623 3055 659 3097 ac
684 3035 766 3097 inter
791 3035 870 3095 duas
902 3035 968 3096 vias
992 3054 1048 3095 seu
1073 3035 1194 3115 plateas
1218 3053 1408 3096 communes
1432 3033 1521 3096 habi-

255 3157 334 3221 tam,
360 3161 457 3204 unam
483 3141 602 3204 curiam
637 3142 667 3203 in
697 3162 730 3203 se
762 3142 992 3219 continentem,
1026 3141 1190 3222 Stephano
1222 3159 1376 3221 germano
1400 3161 1458 3202 suo
1491 3156 1522 3204 et

256 3249 420 3311 Dorothee
445 3269 500 3310 sue
526 3247 666 3310 consorti
691 3267 749 3329 pro
767 3260 894 3309 centum
920 3247 988 3308 flor.
1014 3247 1160 3308 vendidit
1176 3261 1332 3330 perpetuo
1356 3247 1521 3329 possiden·

258 3355 332 3416 darn
345 3369 375 3416 et
390 3355 562 3438 superinde
576 3369 622 3416 est
635 3355 725 3416 litera
740 3355 799 3415 sub
813 3353 965 3436 pendenti
980 3353 1087 3434 sigillo
1107 3353 1346 3415 communitatis
1364 3367 1521 3418 emanata.

364 3480 443 3542 ltem
469 3480 609 3562 quedam
634 3479 727 3541 vinea
754 3480 785 3540 in
811 3479 970 3540 territorio
1005 3479 1141 3541 civitatis
1166 3479 1248 3541 inter
1271 3480 1381 3542 vineas
1404 3481 1521 3543 libero-

259 3607 328 3648 rum
355 3587 494 3649 condsm
527 3588 652 3648 Lucasii
685 3601 716 3648 et
748 3587 895 3649 similiter
925 3586 1100 3648 liberorum
1132 3585 1269 3647 condam
1304 3587 1432 3649 Martini
1464 3586 1521 3649 filii

258 3694 483 3778 lwankowych
517 3694 624 3756 habita
657 3709 688 3754 et
726 3694 882 3772 existens,
914 3693 1052 3754 iohanni
1093 3691 1232 3774 agricole
1264 3691 1332 3754 filio
1364 3692 1450 3754 lwan
1482 3693 1521 3754 de

260 3798 405 3862 Gradsan
431 3819 489 3882 pro
514 3800 653 3882 quadam
679 3799 772 3861 vinea
796 3819 852 3861 sua
878 3799 1034 3862 Martinus
1050 3797 1135 3860 filius
1159 3799 1284 3859 Nicolai
1309 3797 1367 3860 filii
1393 3798 1521 3859 Thome

258 3906 298 3968 de
324 3905 471 3968 Gradsan
490 3905 752 3968 concambialiter
769 3905 858 3967 dedit
874 3919 1030 3988 perpetuo
1048 3903 1276 3988 possidendam
1295 3920 1326 3965 et
1349 3905 1521 3986 superinde

259 4024 306 4073 est
328 4011 419 4074 litera
444 4013 503 4074 sub
528 4011 679 4094 pendenti
704 4011 811 4094 sigillo
841 4011 1081 4074 communitatis
1106 4025 1262 4072 emanata.

365 4137 442 4198 ltem
468 4135 630 4199 lohannes
654 4136 750 4218 judex
774 4151 805 4198 et
829 4136 960 4198 domina
987 4134 1186 4217 Margaretha
1219 4149 1318 4196 mater
1342 4155 1397 4196 sua
1434 4155 1520 4197 com-

259 4243 393 4306 missarii
413 4244 593 4305 testamenti
611 4243 748 4305 condam
767 4244 880 4305 Briccii
898 4243 1022 4324 judicis,
1045 4242 1207 4324 quandam
1226 4257 1342 4302 terram
1367 4241 1520 4302 arabilem

260 4349 291 4410 in
316 4368 432 4430 campo
462 4349 599 4410 civitatis
631 4350 713 4410 inter
744 4363 861 4410 terram
896 4349 1073 4410 liberorum
1107 4348 1243 4409 condam
1271 4347 1410 4424 Thome,
1442 4347 1521 4407 olim

260 4455 369 4516 vicarii
396 4456 426 4516 in
459 4455 692 4537 temporalibus
723 4457 927 4538 episcopatus
958 4455 1184 4536 zagrabiensis,
1219 4467 1250 4516 et
1283 4455 1363 4514 inter
1387 4453 1521 4514 fluvium

261 4560 499 4623 Chernomercz
523 4575 673 4622 vocatum
699 4560 852 4641 habitam,
885 4561 1030 4643 quinque
1063 4561 1164 4622 dietas
1187 4575 1268 4622 terre
1300 4561 1331 4620 in
1357 4580 1390 4620 se
1422 4559 1522 4620 conti-

261 4681 404 4746 nentem,
429 4666 572 4748 Georgia
596 4665 665 4729 filio
691 4667 844 4750 Stephani
863 4668 1034 4730 Stanchich
1056 4683 1087 4728 et
1104 4668 1242 4729 Martino
1267 4667 1378 4727 Zubak
1395 4686 1430 4727 ac
1448 4666 1522 4728 Cle-

261 4774 360 4835 menti
386 4787 417 4836 et
439 4773 569 4836 Andree
601 4772 675 4835 filiis
704 4775 769 4836 suis
800 4795 858 4836 nec
891 4795 955 4836 non
990 4773 1148 4855 Gregorio
1181 4787 1210 4834 et
1236 4773 1336 4834 Paulo
1360 4771 1434 4833 filiis
1458 4777 1523 4833 An·

260 4880 363 4942 thonii
389 4899 446 4962 pro
471 4880 612 4942 sedecim
637 4880 707 4945 flor.
732 4881 800 4942 auri
824 4880 1040 4942 vendiderunt
1061 4895 1215 4962 perpetuo
1241 4878 1468 4960 possidendam
1494 4891 1524 4940 et

260 4986 433 5070 superinde
458 4987 503 5049 eis
527 5001 574 5049 est
596 4986 687 5048 litera
712 4989 771 5048 sub
795 4987 950 5069 pendenti
974 4987 1081 5068 sigillo
1103 4985 1341 5048 communitatis
1365 4997 1522 5048 emanata.

1400 5109 1418 5171 6
