3854 5798
790 583 877 642 Anno
899 579 992 662 1467.
1461 585 1519 646 261

258 797 340 858 inter
363 797 473 857 vineas
496 795 638 856 virorum
656 795 866 876 providorum
887 794 1038 875 Gregorii
1051 796 1191 877 agricole
1209 795 1266 858 filii
1285 797 1398 859 Briccii
1417 797 1522 880 Ozya-

258 922 383 986 sevvycz
407 901 483 964 dicti
508 901 733 963 inhabitatoris
765 901 848 963 dicte
882 902 1030 980 civitatis,
1058 922 1117 965 nec
1149 923 1213 965 non
1239 904 1368 966 Andree
1393 917 1424 965 et
1448 903 1523 966 Cle-

257 1011 374 1072 mentis
397 1008 538 1071 filiorum
554 1008 706 1091 Symonis
719 1008 797 1069 olim
813 1009 957 1070 concivis
970 1009 1069 1071 nostri
1083 1008 1140 1071 filii
1155 1010 1322 1072 Michaelis
1335 1009 1374 1071 de
1389 1009 1523 1072 Raboch

258 1131 440 1180 nostrorum
465 1115 613 1178 similiter
637 1115 820 1176 concivium
846 1115 988 1178 habitam
1013 1129 1044 1177 et
1068 1115 1267 1194 existentem,
1292 1116 1397 1198 ipsum
1422 1114 1522 1178 Geor·

256 1225 345 1306 gium
371 1223 546 1305 agricolam
578 1223 669 1284 Jursa
702 1221 823 1284 dictum
856 1243 874 1283 a
907 1223 1001 1284 Petro
1035 1222 1177 1303 agricola
1208 1222 1248 1283 de
1272 1222 1348 1284 villa
1374 1223 1523 1284 Marencz

258 1329 435 1412 empcionis
451 1329 546 1392 titulo
565 1327 741 1390 literatorie
754 1342 1014 1408 concernentem,
1033 1348 1105 1390 cum
1123 1329 1274 1390 omnibus
1287 1329 1431 1390 eiusdem
1452 1342 1522 1409 etc,

261 1437 388 1498 Andree
408 1434 600 1520 Symwnych
626 1449 657 1497 et
680 1453 737 1517 per
760 1454 834 1496 eum
853 1435 952 1517 ipsius
976 1434 1149 1497 heredibus
1166 1453 1225 1517 pro
1242 1435 1344 1496 tribus
1368 1433 1435 1499 flor.
1454 1437 1522 1497 auri

257 1562 292 1604 ac
317 1542 461 1624 quinque
485 1541 591 1624 pensis
615 1541 823 1604 denariorum
847 1541 1082 1604 viennensium
1105 1541 1303 1604 vendidisset
1327 1554 1398 1620 etc,
1424 1561 1520 1624 super

258 1668 323 1731 quo
347 1647 452 1710 eidem
477 1646 607 1709 Andree
633 1648 704 1709 data
730 1661 777 1710 est
800 1647 892 1710 litera
926 1663 1031 1710 nostra
1057 1647 1267 1730 privilegialis
1291 1647 1391 1709 modo
1415 1661 1447 1708 et
1470 1667 1521 1709 or·

257 1756 333 1818 dine
357 1753 577 1838 infrascriptis.

363 1862 441 1924 Item
467 1863 543 1944 quia
567 1861 702 1944 provida
727 1861 844 1922 mulier
860 1860 974 1922 Vrsula
999 1873 1111 1923 vocata
1128 1860 1238 1923 relicta
1263 1859 1401 1923 condam
1427 1861 1521 1923 Ladi-

256 1969 314 2031 slai
339 1969 456 2031 sutoris
480 1966 537 2030 filii
561 1967 698 2030 condam
732 1967 816 2028 Petri
850 1964 1008 2028 carnificis
1032 1965 1183 2052 Fudrych
1215 1967 1303 2046 dicti,
1335 1967 1415 2029 olim
1440 1967 1518 2029 civis

257 2076 340 2138 dicte
365 2075 512 2153 civitatis,
538 2073 701 2156 quendam
725 2072 862 2134 fundum
887 2093 980 2134 suum
1005 2071 1160 2135 hedificiis
1184 2073 1371 2135 destitutum
1397 2074 1429 2135 in
1446 2073 1517 2135 vico

257 2181 406 2244 exteriori
431 2194 577 2242 sutorum
601 2199 658 2241 seu
683 2180 787 2261 platea
813 2178 1052 2240 Thevvtonicali
1081 2180 1181 2261 ipsius
1205 2179 1342 2242 civitatis
1376 2199 1412 2241 ac
1436 2179 1518 2241 inter

255 2289 374 2351 fundos
398 2307 528 2367 vacuos,
552 2289 591 2349 ab
621 2307 684 2348 una
716 2287 866 2348 videlicet
898 2307 915 2348 a
948 2287 1202 2370 septemtrionali
1234 2301 1322 2369 parte
1348 2287 1444 2348 Blasii
1468 2307 1519 2348 su·

254 2396 333 2458 toris
357 2394 414 2458 filii
442 2394 595 2478 Stephani
629 2394 707 2456 alias
739 2393 852 2455 decani
885 2393 1049 2456 colendini
1082 2392 1351 2456 confraternitatis
1375 2407 1520 2455 sutorum

256 2515 287 2564 et
310 2502 393 2564 inter
417 2500 554 2563 fundum
579 2501 755 2562 liberorum
773 2520 828 2561 seu
846 2519 1064 2562 successorum
1083 2486 1216 2580 Georgii
1240 2499 1357 2561 sutoris
1381 2498 1520 2584 Gywrak

256 2609 344 2688 dicti,
368 2629 385 2669 a
411 2607 616 2669 meridionali
641 2621 729 2689 parte
756 2606 901 2668 habitum
926 2619 996 2684 etc,
1020 2606 1089 2667 viro
1116 2605 1252 2688 provido
1276 2605 1443 2667 Anthonio
1468 2626 1518 2668 su-

254 2715 316 2777 tori
332 2715 451 2776 seniori
474 2713 577 2796 jurato
602 2727 632 2775 et
656 2713 780 2775 concivi
796 2727 905 2774 nostro
922 2711 990 2774 filio
1015 2712 1141 2774 Nicolai
1166 2712 1205 2773 de
1230 2711 1373 2775 Gordwa
1390 2711 1514 2796 (vendi-

256 2821 365 2901 disset)
390 2841 449 2904 pro
466 2840 531 2882 uno
556 2819 625 2882 flor.
650 2820 717 2882 auri
745 2833 776 2882 et
799 2819 864 2880 suis
890 2819 1061 2880 heredibus
1088 2833 1245 2902 perpetuo
1277 2819 1519 2901 possidendum,

254 2948 350 3011 super
366 2947 432 3011 quo
449 2927 521 2990 data
538 2941 584 2989 est
608 2927 714 2988 eidem
731 2926 821 2988 litera
846 2927 905 2987 sub
929 2925 1037 3006 sigillo
1055 2925 1296 2988 communitatis
1321 2925 1519 3008 inpendenti,

255 3034 354 3096 modo
372 3047 402 3095 et
426 3033 539 3096 ordine
563 3034 638 3111 suis,
661 3053 721 3116 pro
745 3052 811 3094 uno
836 3031 905 3096 flor.
930 3031 1010 3094 auri.

361 3141 439 3202 ltem
464 3139 538 3221 quia
563 3139 611 3200 vir
636 3140 789 3222 providus
806 3152 836 3200 et
854 3138 1007 3200 honestus
1025 3137 1163 3200 Michael
1187 3135 1318 3220 pellifex
1344 3137 1520 3200 modernus

255 3247 376 3328 juratus
399 3266 435 3307 ac
459 3245 537 3307 civis
561 3245 645 3307 dicte
670 3245 805 3307 civitatis
829 3259 980 3306 executor
1001 3243 1152 3306 videlicet
1174 3245 1356 3306 testamenti
1380 3243 1518 3305 condam

257 3351 376 3415 Mathie
400 3353 518 3414 sutoris
542 3351 684 3433 magistri
703 3367 734 3414 et
758 3349 887 3413 Thome
904 3349 961 3412 filii
976 3351 1036 3429 sui,
1054 3350 1240 3431 legittimus,
1266 3351 1429 3432 quendam
1447 3349 1518 3413 fun-

255 3459 333 3520 dum
359 3477 496 3520 vacuum
522 3455 718 3540 prefatorum
743 3457 879 3518 condam
906 3456 1026 3518 Mathie
1044 3471 1074 3518 et
1098 3456 1227 3518 Thome
1243 3455 1300 3518 filii
1325 3457 1373 3518 sui
1398 3457 1430 3518 in
1448 3458 1519 3519 vico

257 3565 406 3628 exteriori
431 3579 576 3626 sutorum
602 3563 686 3624 dicte
719 3563 855 3626 civitatis
888 3583 924 3625 ac
956 3563 1038 3626 inter
1062 3561 1180 3624 fundos
1211 3577 1241 3625 et
1265 3563 1370 3625 civilia
1395 3583 1519 3625 succes·

255 3691 363 3734 sorum
388 3671 447 3732 viri
473 3669 599 3754 providi
625 3683 655 3730 et
679 3670 803 3732 honesti
830 3669 963 3748 Georgii
989 3669 1105 3730 sutoris
1129 3668 1270 3752 Gywralr
1294 3669 1382 3748 dicti,
1407 3690 1424 3731 a
1448 3689 1518 3752 sep·

255 3779 438 3856 temtrione,
463 3789 495 3838 et
518 3776 601 3838 inter
629 3774 767 3837 fundum
798 3793 936 3836 vacuum
968 3793 1187 3836 successorum
1219 3774 1357 3836 condam
1389 3775 1517 3837 Thome

255 3883 370 3946 sutoris
395 3881 650 3967 Herwoyewych
676 3881 796 3961 dicti,a
823 3881 1012 3960 meridione,
1031 3901 1127 3943 unam
1152 3895 1298 3963 quartam
1324 3882 1409 3944 curie
1435 3881 1467 3943 in
1485 3901 1518 3943 se

255 3991 484 4068 continentem,
509 3988 632 4072 prefato
657 3989 823 4050 Anthonio
841 3988 941 4050 sutori
964 3987 1081 4050 seniori
1099 3988 1202 4069 jurato
1220 4002 1250 4050 et
1267 3989 1391 4049 concivi
1408 4001 1517 4050 nostro

253 4097 321 4159 filio
347 4097 445 4158 Marci
471 4097 510 4159 de
535 4095 677 4158 Gordwa
702 4111 733 4158 et
756 4097 821 4158 suis
845 4095 1017 4158 heredibus
1042 4115 1100 4178 pro
1125 4109 1263 4178 quatuor
1288 4097 1393 4179 pensis
1417 4109 1448 4158 et
1471 4097 1516 4157 vi-

254 4204 336 4286 ginti
362 4203 502 4265 denariis
525 4203 732 4282 vendidisset,
757 4223 853 4286 super
884 4222 950 4285 quo
975 4203 1048 4264 data
1073 4217 1119 4264 est
1143 4201 1246 4264 eidem
1273 4203 1364 4264 litera
1389 4203 1516 4286 privile-

253 4311 348 4393 gialis
372 4311 456 4372 dicte
485 4311 632 4373 civitatis.

362 4416 440 4478 ltem
465 4417 541 4497 quia
573 4415 708 4498 provida
740 4417 857 4478 mulier
889 4420 997 4497 Agnes
1029 4429 1139 4476 vocata
1173 4414 1397 4498 Barberychna
1422 4415 1518 4495 dicta,

255 4523 397 4606 primum
419 4523 557 4584 Emerici
583 4523 712 4583 sartoris
736 4522 814 4583 olim
839 4522 932 4604 jurati
962 4537 992 4584 et
1020 4521 1161 4583 concivis
1186 4522 1283 4583 nostri
1309 4520 1366 4582 filii
1391 4523 1518 4583 Nicolai

254 4629 432 4691 ettandem
451 4629 579 4691 Martini
604 4629 720 4689 sutoris
745 4628 932 4691 habitatoris
956 4629 1039 4689 dicte
1071 4627 1217 4706 civitatis,
1251 4628 1290 4688 de
1316 4627 1435 4706 Kiutel,
1469 4647 1516 4688 re-

253 4737 338 4814 licta,
363 4737 504 4798 concivis
528 4750 647 4814 nostra,
667 4735 828 4816 quandam
854 4736 981 4796 vineam
998 4753 1088 4795 suam
1107 4734 1138 4794 in
1155 4735 1315 4796 territorio
1340 4733 1423 4795 dicte
1441 4734 1516 4794 civi-

253 4843 325 4904 tatis
351 4843 492 4904 habitam
525 4857 555 4904 et
586 4843 794 4920 existentem,
828 4861 863 4903 ac
895 4842 976 4902 inter
1008 4841 1117 4902 vineas
1149 4861 1166 4902 a
1199 4855 1286 4923 parte
1311 4840 1516 4901 meridionali

252 4951 429 5012 liberorum
454 4951 545 5011 Pauli
569 4950 686 5011 sutoris
709 4947 896 5031 Werychyn
918 4948 1004 5026 dicti,
1029 4968 1046 5007 a
1071 4963 1157 5028 parte
1183 4967 1259 5008 vero
1285 4947 1408 5008 Nicolai
1434 4948 1516 5026 agri-

254 5057 325 5119 cole
350 5055 540 5119 habitatoris
564 5056 646 5117 dicte
672 5055 860 5140 civitatique
885 5053 1124 5136 septemtrione,
1153 5053 1289 5138 desuper
1314 5075 1330 5114 a
1356 5053 1404 5114 via
1430 5073 1516 5117 eom·
