3854 5798
430 576 493 660 238
961 579 1047 638 Anno
1069 572 1161 656 1463.

428 794 500 856 liter
523 791 661 854 arabiles
685 792 776 874 probi
810 805 841 852 et
871 790 996 852 honesti
1030 790 1089 851 viri
1122 789 1252 852 Thome
1284 788 1453 871 freniparis
1475 788 1534 852 filii
1566 790 1694 852 Andree

429 899 564 961 senioris
587 897 680 979 jurati
706 911 736 958 et
752 897 927 960 liberorum
945 917 1002 959 seu
1020 915 1239 958 successorum
1264 896 1402 958 condam
1417 895 1497 956 Pero
1522 896 1616 978 jurati
1635 896 1693 957 filii

428 1007 565 1069 condem
579 1006 662 1068 Petri
676 1004 800 1085 judicis,
825 1005 1006 1066 concivium
1029 1018 1211 1065 nostrorum
1225 1003 1378 1080 habitam,
1393 1003 1537 1084 quinque
1552 1004 1602 1064 vel
1614 1004 1691 1064 citra

430 1113 531 1174 dietas
555 1127 636 1174 terre
663 1113 694 1173 in
718 1131 751 1173 se
776 1111 1004 1188 continentem,
1030 1111 1089 1192 ipsi
1118 1105 1338 1190 claustro‘per
1362 1109 1499 1171 condam
1524 1109 1692 1171 honestam

428 1219 596 1281 mulierem
624 1219 723 1280 Elena
749 1231 893 1280 vocatam
929 1218 1073 1279 relictam
1098 1217 1234 1278 condam
1261 1215 1394 1297 Georgii
1429 1216 1584 1278 Wolltow
1617 1216 1693 1278 dicti

429 1325 506 1387 olim
521 1325 687 1387 concivem
703 1338 843 1386 nostram
855 1325 1119 1386 testamentaliter
1135 1322 1284 1404 legatam,
1294 1341 1367 1386 curn
1381 1323 1532 1384 omnibus
1546 1337 1617 1400 etc,
1635 1342 1693 1384 no·

429 1431 485 1493 bili
511 1445 541 1494 et
565 1430 699 1493 honeste
724 1430 856 1492 domine
874 1435 967 1491 Anna
992 1443 1102 1492 vocate
1120 1429 1230 1491 relicte
1255 1429 1391 1490 condam
1419 1428 1509 1488 Pauli
1534 1428 1691 1510 Walpoth

428 1537 507 1599 olim
531 1537 770 1599 tricesimatorls
791 1535 1007 1618 zagrabiensis
1031 1537 1157 1597 concivi
1183 1549 1289 1597 nostre
1314 1555 1350 1596 ec
1373 1554 1523 1616 peream
1549 1535 1614 1596 suis
1638 1535 1692 1596 he·

429 1643 559 1706 redibus
583 1663 641 1726 pro
666 1643 912 1725 quatuordecim
938 1656 969 1704 et
987 1642 1095 1705 medio
1119 1642 1189 1705 flor.
1214 1643 1282 1704 auri
1300 1641 1424 1724 prelato
1442 1641 1529 1703 lratri
1554 1641 1692 1703 iohanni

429 1751 599 1834 persolutis
624 1764 682 1814 etc.
708 1750 854 1812 vendidit
879 1764 938 1813 etc.

534 1857 632 1932 Quod
657 1858 715 1919 viri
740 1857 867 1940 providi
893 1871 1025 1938 uterque
1056 1855 1232 1937 Gregorius
1263 1855 1319 1918 lilii
1345 1856 1484 1918 condam
1509 1855 1624 1917 Briccii
1651 1855 1691 1916 de

428 1965 504 2026 villa
529 1963 632 2028 Obres
657 1979 768 2026 vocata
794 1965 832 2025 de
859 1964 941 2026 ultra
967 1965 1109 2042 Zawam,
1134 1979 1164 2024 et
1189 1963 1324 2026 Mathias
1354 1963 1542 2046 Spylwsych
1566 1963 1692 2024 inhabi-

427 2083 511 2133 tator
534 2071 680 2132 suburbii
698 2071 781 2133 dicte
805 2070 952 2148 civitatis,
976 2069 1087 2131 fratres
1104 2070 1308 2152 proximique
1326 2071 1462 2132 condam
1489 2070 1615 2152 providi
1634 2069 1691 2129 viri

429 2177 582 2260 Stephani
608 2177 725 2238 sutoris
751 2177 888 2238 Kondek
919 2177 1073 2258 appellati
1106 2175 1163 2237 filii
1193 2176 1279 2238 lwan
1311 2177 1390 2238 olim
1416 2177 1557 2238 concivis
1581 2176 1692 2253 nostri,

428 2297 462 2346 ut
486 2283 545 2366 ipsi
571 2283 734 2366 quendam
759 2281 895 2344 fundum
931 2283 1030 2364 ipsius
1062 2282 1199 2344 condam
1227 2279 1382 2365 Stephani
1412 2283 1528 2345 sutoris
1553 2281 1692 2344 Kondek

428 2391 502 2452 dicti
529 2410 616 2452 nunc
640 2409 778 2452 vacuum
803 2403 834 2451 et
867 2389 1027 2450 desertum
1062 2388 1095 2450 in
1128 2389 1199 2450 vico
1232 2404 1341 2450 nostro
1373 2389 1522 2451 exteriori
1545 2403 1690 2450 sutorum

429 2497 512 2561 inter
535 2496 653 2560 londos
677 2496 825 2558 similiter
849 2515 967 2557 vacuos
991 2509 1022 2557 et
1046 2495 1188 2557 desertos
1220 2497 1357 2558 condam
1383 2496 1467 2557 lwan
1493 2497 1568 2558 dicti
1595 2496 1691 2578 Baryl

428 2619 460 2666 et
483 2623 703 2666 successorum
729 2602 873 2664 eiusdem
898 2603 938 2664 ab
963 2623 1026 2664 una
1051 2617 1151 2685 parte,
1176 2604 1216 2664 ab
1234 2603 1332 2665 altera
1357 2623 1433 2664 vero
1458 2603 1614 2664 Anthonii
1639 2622 1690 2664 su·

427 2711 506 2772 toris
530 2710 672 2771 concivis
697 2709 796 2770 nostri
828 2709 939 2789 generi
973 2709 1111 2770 condam
1140 2708 1304 2770 Valentini
1338 2708 1451 2770 Costes
1483 2708 1628 2770 habiturn
1661 2723 1692 2769 et

428 2817 630 2894 existentem,
655 2835 752 2876 unam
777 2829 923 2896 quartam
949 2815 1035 2876 curie
1069 2815 1099 2875 in
1125 2829 1195 2877 toto
1217 2815 1256 2876 ad
1290 2835 1382 2877 usum
1408 2816 1545 2876 civitatis
1568 2813 1688 2896 prefate

427 2924 459 2984 in
484 2942 517 2984 se
541 2923 771 2999 continentem,
795 2921 900 3003 ipsum
934 2921 1083 2982 videlicet
1116 2921 1314 3003 Stephanum
1344 2921 1482 2983 Kondek
1508 2921 1688 3002 emptionis

425 3029 521 3092 titulo
531 3028 703 3090 literatorie
714 3041 972 3106 concernentem,
985 3027 1104 3088 eisdem
1122 3029 1291 3090 statuimus
1303 3043 1333 3090 et
1346 3029 1532 3111 posterioris
1543 3029 1686 3110 ipsorum

428 3135 695 3210 eundem;civile
719 3134 861 3217 ipsorum
880 3133 1016 3216 provido
1038 3135 1106 3195 viro
1125 3133 1286 3197 Clementi
1305 3136 1434 3197 Kechlra
1453 3136 1539 3197 dieto
1564 3135 1686 3196 con'civi

427 3256 536 3304 nostro
561 3241 628 3303 filio
654 3240 801 3322 Gregorii
838 3241 876 3301 de
910 3241 1077 3324 Hrazchya
1113 3261 1148 3302 ac
1181 3261 1236 3324 per
1269 3263 1340 3303 eum
1375 3243 1474 3325 ipsius
1505 3241 1686 3318 heredibus,

427 3368 526 3410 unam
540 3348 688 3410 videlicet
712 3363 858 3409 octavam
877 3348 963 3409 curie
987 3348 1211 3430 propinassent
1229 3362 1260 3410 et
1276 3349 1372 3410 aliam
1398 3349 1605 3430 medietatem
1630 3369 1687 3431 pro

427 3455 613 3537 qulndecim
639 3455 744 3536 pensis
769 3453 974 3516 denariorum
999 3453 1228 3516 vendidissent.

534 3561 632 3635 Quod
657 3561 783 3644 providi
809 3561 927 3622 Paulus
951 3560 1092 3641 agricola
1118 3575 1149 3621 et
1165 3560 1357 3622 Valentinus
1381 3560 1507 3642 juvenis
1530 3561 1587 3623 filii
1613 3581 1687 3622 con-

427 3668 501 3730 dam
527 3667 653 3749 providi
678 3668 737 3728 viri
762 3667 846 3728 Petri
865 3667 984 3747 Vngari
1009 3666 1065 3728 filii
1092 3667 1182 3728 Pauli
1202 3668 1338 3728 senioris
1354 3667 1468 3748 judicis
1494 3681 1524 3730 et
1548 3668 1688 3729 concivis

427 3775 538 3851 nostri,
563 3773 649 3856 quod
676 3774 733 3856 ipsi
759 3773 921 3854 quandam
938 3787 1056 3835 terram
1082 3773 1237 3834 arabilem
1256 3773 1320 3854 jam
1338 3793 1395 3855 pro
1420 3788 1507 3856 parte
1534 3775 1565 3834 in
1590 3773 1687 3834 fenile

427 3882 599 3960 redactam,
623 3881 703 3943 duas
728 3882 828 3942 dietas
860 3895 941 3942 terre
966 3881 1017 3942 vel
1051 3883 1127 3943 citra
1161 3881 1251 3942 inse
1283 3882 1514 3959 continentem,
1540 3881 1572 3943 in
1597 3883 1687 3944 terri-

426 3989 509 4050 torio
535 4001 643 4050 nostro
661 4003 691 4049 et
715 3987 851 4048 civitatis
876 3987 1017 4069 predicte
1035 3987 1117 4049 inter
1135 3985 1243 4050 fertilia
1264 3988 1380 4049 Marini
1397 3987 1455 4050 lilii
1480 3989 1589 4050 Clario
1607 3989 1687 4049 olim

426 4095 539 4169 iudicis
563 4109 594 4156 et
618 4095 757 4156 concivis
782 4095 892 4173 nostri,
915 4107 1037 4175 aparte
1054 4095 1201 4156 orientali
1219 4109 1250 4156 et
1270 4095 1535 4177 septemtrionali,
1561 4111 1685 4177 aparte

426 4222 502 4263 vero
534 4201 725 4263 occidentali
759 4200 893 4262 fluvium
927 4201 1164 4262 Chernomercz
1196 4215 1345 4263 vocatum
1378 4217 1409 4263 et
1439 4225 1455 4264 a
1481 4202 1685 4264 meridionali

427 4307 591 4389 quoddam
617 4305 772 4368 fossatum
797 4307 939 4368 habitam
962 4322 992 4366 et
1016 4307 1215 4386 existentem,
1243 4308 1282 4368 ad
1301 4308 1386 4390 ipsos
1411 4308 1547 4368 Paulum
1572 4323 1603 4370 et
1626 4309 1686 4369 Va·

426 4415 584 4476 lentinum
609 4427 680 4495 post
704 4429 840 4474 mortem
866 4412 977 4494 prefati
998 4413 1081 4473 Petri
1105 4413 1251 4494 Hungari
1269 4415 1368 4496 patris
1392 4433 1503 4476 eorum
1530 4415 1685 4494 legittime

427 4520 623 4598 devolutam,
649 4521 787 4580 Martino
812 4521 924 4581 sartori
953 4518 1020 4580 filio
1046 4519 1175 4580 Thorne
1208 4521 1285 4582 alias
1311 4521 1408 4592 iudici
1434 4536 1543 4582 nostro
1570 4541 1606 4582 ac
1631 4541 1686 4602 per

426 4647 499 4688 eum
516 4627 580 4687 suis
598 4626 768 4687 heredibus
791 4647 849 4708 pro
867 4627 967 4688 tribus
991 4626 1059 4688 flor.
1078 4640 1137 4688 etc.
1165 4628 1383 4690 vendidissent
1407 4649 1443 4689 ac
1462 4627 1548 4710 juxta
1574 4629 1684 4690 condi-

426 4733 552 4795 cionem
578 4733 713 4794 civitatis
738 4747 903 4814 prenotate
928 4747 986 4796 etc.

532 4839 609 4901 Item
635 4841 735 4921 proba
768 4855 797 4900 et
829 4839 961 4900 honesta
995 4841 1126 4901 domina
1152 4845 1244 4902 Anna
1278 4857 1388 4902 vocata
1413 4841 1523 4902 relicta
1548 4840 1683 4902 condam

428 4946 509 5006 Petri
535 4948 625 5006 aliter
659 4948 737 5007 Pero
772 4947 846 5007 dicti
880 4945 935 5008 filii
968 4946 1096 5007 Thorne
1129 4948 1208 5008 olim
1242 4948 1382 5008 concivis
1407 4949 1518 5024 nostri,
1543 4948 1685 5009 concivis

427 5065 546 5132 nostra,
571 5066 605 5115 ut
629 5053 730 5135 ipsam
749 5053 912 5135 quandam
938 5053 1065 5114 vineam
1083 5053 1198 5136 prelati
1223 5055 1360 5116 condam
1387 5055 1469 5115 Petri
1495 5054 1588 5115 aliter
1605 5055 1683 5115 Pero
