3854 5798
794 521 881 598 An-no
903 533 995 599 1470.
1465 520 1526 602 283

268 736 416 798 concives
442 737 552 815 nostri,
570 736 733 818 quandam
751 736 883 797 totalem
901 734 1034 796 domurn
1054 735 1197 817 ipsorum
1215 735 1312 797 simul
1337 754 1409 796 cunr
1430 734 1530 796 fundo

269 856 300 924 et
323 841 491 922 hedificiis,
516 842 656 906 mediam
683 843 714 903 in
739 853 807 904 toto
837 842 957 903 curiam
982 841 1022 902 ad
1055 860 1148 902 usum
1174 841 1258 903 dicte
1284 841 1420 902 civitatis
1445 842 1476 901 in
1501 861 1533 904 se

269 950 500 1030 continentem,
516 971 553 1012 ac
572 950 654 1012 inter
667 949 814 1028 domum,
829 947 966 1010 fundum
979 963 1010 1010 et
1022 945 1171 1008 hedificia
1184 933 1312 1029 providi
1326 947 1385 1008 viri
1400 947 1533 1028 Georgii

269 1056 408 1138 agricole
433 1056 609 1140 lagathych
634 1055 722 1134 dicti,
755 1057 795 1116 ab
820 1075 895 1134 una,
929 1056 969 1116 ab
1002 1054 1100 1132 altera
1132 1074 1208 1115 vero
1234 1053 1381 1136 Dyoniaii
1406 1055 1535 1116 sartoris

269 1164 405 1226 senioris
428 1162 523 1245 jurati
547 1177 578 1224 et
601 1162 744 1224 concivis
768 1163 868 1224 nostri
886 1162 1027 1224 habitam
1057 1175 1088 1223 et
1112 1161 1312 1240 existentem,
1335 1161 1423 1244 ipsos
1446 1161 1535 1222 vide-

269 1271 344 1334 licet
368 1269 570 1331 Anthonium
595 1282 737 1331 sutorem
755 1282 786 1330 et
810 1268 1019 1344 Katherinam
1045 1251 1227 1330 consortem
1243 1287 1334 1330 suam
1358 1288 1376 1328 a
1400 1267 1535 1351 provida

272 1377 408 1439 muliere
434 1375 531 1438 Lucia
556 1391 668 1438 vocata
692 1389 838 1437 consorte
858 1375 1027 1438 Laurencii
1046 1357 1188 1436 Barbarii
1213 1393 1322 1436 sorore
1347 1374 1447 1456 ipsius
1472 1374 1535 1435 Ka·

271 1481 395 1545 therine
428 1482 608 1564 empcionis
639 1481 734 1543 titulo
766 1480 941 1558 literatorie
978 1493 1244 1559 conternantem,
1280 1499 1351 1542 curn
1384 1479 1536 1541 omnibus

271 1589 416 1652 eiusdem
440 1589 550 1650 totalis
572 1588 699 1667 domus,
725 1585 883 1667 lundique
908 1598 939 1649 et
956 1584 1180 1648 hedificiorum
1206 1585 1310 1647 medie
1337 1587 1422 1648 curie
1449 1585 1535 1647 utili·

271 1695 388 1759 tatibus
413 1694 556 1776 Georgio
581 1695 691 1775 Huzar
716 1693 802 1756 dicto
827 1713 863 1755 ac
888 1693 1022 1775 provide
1045 1693 1173 1754 mulieri
1199 1693 1300 1756 Eleus
1325 1707 1436 1754 vocate
1460 1712 1536 1754 con-

271 1803 348 1866 sorti
373 1823 429 1865 sue
454 1801 612 1884 legittime
637 1801 746 1864 relicte
771 1820 848 1864 vero
873 1799 1011 1861 condam
1037 1799 1120 1862 Petri
1145 1798 1202 1861 lilii
1228 1799 1363 1862 Fabiani
1387 1797 1452 1860 filie
1478 1799 1536 1861 So·

273 1908 414 1992 boraych
438 1908 478 1971 de
504 1909 614 1987 Ebres,
639 1927 697 1969 nec
722 1927 787 1968 non
814 1906 921 1968 Blasio
955 1920 986 1968 et
1011 1905 1154 1988 Georgio
1179 1904 1252 1968 filiis
1276 1905 1375 1988 ipsius
1398 1905 1535 1968 condam

273 2017 368 2096 Petri,
393 2029 428 2078 ut
451 2015 513 2097 jam
540 2015 633 2076 novis
649 2015 836 2076 concivibus
860 2014 987 2092 nostris,
1005 2033 1062 2095 pro
1079 2014 1180 2076 tribus
1198 2027 1229 2074 et
1246 2013 1354 2075 medio
1379 2012 1448 2076 flor.
1466 2013 1534 2074 auri

272 2123 493 2185 vendidissent
514 2123 614 2184 immo
637 2121 852 2183 vendiderunt
869 2139 977 2182 coram
995 2119 1088 2181 nobis
1111 2119 1179 2200 jure
1197 2133 1352 2202 perpetuo
1378 2119 1534 2181 irrevoca-

274 2229 379 2291 biliter
403 2228 631 2312 possidendam
656 2228 775 2309 pariter
798 2242 829 2289 et
853 2227 1046 2290 habendam.
1417 2233 1420 2241 '

380 2335 478 2410 Quod
497 2336 570 2417 quia
590 2335 725 2418 provida
743 2334 859 2396 mulier
877 2335 977 2396 Elena
995 2347 1108 2396 vocata
1124 2333 1234 2395 relicta
1251 2331 1389 2394 condam
1408 2330 1537 2414 Mathye

274 2441 391 2503 sutoris
416 2439 585 2524 Gaychecz
610 2440 685 2502 dicti
710 2441 787 2502 olim
813 2439 906 2522 jurati
932 2455 962 2502 et
987 2440 1127 2502 concivis
1163 2439 1262 2501 nostri
1286 2437 1344 2500 filii
1370 2436 1538 2499 Michaelis

274 2545 420 2610 vendidit
443 2547 649 2610 medietatem
669 2547 785 2608 domus
801 2566 869 2624 sue,
895 2547 1081 2628 porcionem
1100 2546 1250 2608 videlicet
1271 2557 1395 2626 aparte
1421 2543 1538 2606 domus

274 2653 449 2715 liberorum
474 2673 532 2730 seu
555 2673 775 2715 successorum
793 2653 932 2714 condam
956 2654 1129 2734 Augustini
1148 2653 1258 2714 Kusne
1283 2651 1371 2731 dicti,
1395 2649 1474 2712 olim
1491 2647 1538 2731 ju-

275 2761 333 2822 rati
358 2774 389 2823 et
412 2761 554 2823 concivis
578 2761 690 2836 nostri,
716 2760 870 2838 habitam,
894 2779 990 2821 unam
1022 2775 1169 2841 quartam
1195 2759 1227 2820 in
1252 2779 1284 2820 se
1309 2757 1539 2836 continentem,

276 2869 378 2950 ipsam
403 2881 476 2951 post
500 2867 625 2929 obitum
650 2864 766 2949 prefati
799 2866 936 2928 condam
970 2865 1090 2928 Mathia
1122 2863 1291 2948 Gaychecz
1320 2862 1388 2945 jure
1412 2861 1539 2924 heredi·

275 2973 356 3054 tario
381 2987 412 3036 et
435 2973 632 3035 successorio
650 2973 808 3054 legittime
826 2986 1085 3052 concernentem,
1103 2971 1193 3034 cuius
1209 2971 1305 3032 aliam
1332 2969 1539 3030 medietatem

275 3080 323 3142 vir
354 3079 508 3163 providus
539 3079 724 3158 Anthonius
754 3094 843 3141 sutor
874 3078 1038 3162 possidere
1069 3077 1257 3155 dinoscitur,
1291 3095 1363 3138 cum
1388 3075 1540 3137 omnibus

276 3186 420 3250 ciusdem
452 3185 633 3249 medietatis
665 3185 856 3248 utilitatibus
889 3183 1012 3266 prelato
1044 3183 1210 3246 Anthonio
1242 3183 1345 3246 sutori
1378 3181 1485 3243 vicino
1510 3193 1541 3240 et

276 3290 342 3370 suis
366 3291 539 3354 heredibus
562 3310 621 3374 pro
645 3305 767 3374 septem
792 3291 859 3354 llor.
893 3291 962 3352 auri
987 3289 1135 3352 vendidit
1165 3289 1234 3370 jure
1257 3302 1416 3372 perpetuo
1440 3286 1541 3370 possi·

278 3398 429 3477 dandam.
671 3471 674 3477 ¹
1175 3419 1176 3423 ¹

384 3505 482 3580 Quod
507 3505 582 3586 quia
606 3505 707 3588 proba
725 3505 841 3566 mulier
864 3505 1003 3567 Barbara
1014 3517 1132 3581 vocata
1157 3502 1265 3565 relicta
1283 3502 1420 3565 condam
1446 3501 1541 3562 Eme·

278 3613 334 3675 rici
358 3612 474 3674 sutoris
500 3613 607 3674 Scerta
625 3611 700 3673 dicti
726 3611 804 3673 olim
822 3611 964 3672 concivis
989 3611 1088 3672 nostri
1119 3609 1266 3672 vendidit
1290 3608 1424 3670 domum
1449 3625 1540 3668 suam

278 3718 309 3780 in
335 3719 417 3781 dicta
441 3717 567 3780 civitate
593 3717 745 3796 habitam,
779 3717 918 3780 mediam
951 3717 1071 3779 curiam
1104 3716 1144 3776 ad
1170 3735 1263 3778 usum
1296 3715 1380 3777 dicte
1404 3713 1540 3776 civitatis

278 3826 310 3886 in
335 3845 367 3886 se
391 3825 621 3903 continentem,
645 3824 742 3886 simul
767 3843 840 3884 cum
872 3825 1024 3885 omnibus
1051 3823 1116 3883 suis
1150 3821 1342 3883 utilitatibus
1366 3821 1541 3882 Ambrosio

279 3931 430 3994 Jambrck
455 3931 541 3994 dicto
566 3929 634 3993 filio
659 3931 798 3993 condam
823 3929 1003 4012 Franchyn,
1028 3944 1062 3991 ut
1079 3929 1142 4012 jam
1161 3947 1247 3989 novo
1272 3927 1397 3990 concivi
1422 3941 1541 4004 nostro,

279 4058 315 4100 ac
340 4058 396 4120 per
419 4058 493 4100 eum
518 4039 584 4100 suis
609 4038 780 4099 heredibus
804 4057 862 4120 pro
886 4050 1007 4119 septem
1033 4037 1140 4119 pensis
1164 4036 1371 4098 denariorum
1396 4033 1543 4096 vendidit

278 4143 346 4225 jure
371 4159 527 4226 perpetuo
552 4143 794 4227 possidendam.

386 4249 463 4312 ltem
488 4251 563 4332 quia
589 4249 742 4332 providus
773 4250 821 4311 vir
846 4250 971 4312 Marcus
1003 4251 1142 4331 agricola
1175 4248 1258 4311 lilius
1286 4247 1424 4310 condam
1449 4247 1542 4324 Pauli

280 4356 356 4418 dicti
381 4355 603 4439 Sydowchych
627 4356 773 4418 vendidit
804 4357 1008 4418 medietatem
1031 4356 1091 4418 hoc
1109 4371 1155 4418 est
1171 4356 1357 4438 porcionem
1383 4373 1474 4416 suurn
1491 4367 1539 4416 to·

280 4463 377 4544 talem
401 4462 434 4523 in
459 4463 597 4544 quadam
624 4462 734 4543 dorno,
760 4461 862 4524 fundo
888 4477 918 4524 et
955 4461 1112 4524 hedificiis
1135 4464 1168 4524 in
1201 4463 1284 4524 dicta
1308 4461 1435 4523 civitate
1461 4460 1542 4538 inter

280 4569 425 4650 domum,
450 4567 586 4630 fundum
600 4583 642 4648 ,et
659 4568 806 4632 hedificia
823 4567 937 4652 prelati
956 4567 1123 4631 Benedicti
1146 4568 1260 4650 judicis
1278 4567 1377 4630 nostri
1395 4566 1543 4628 moderni

280 4687 311 4740 et
332 4675 415 4756 inter
439 4675 573 4736 domurn
598 4690 628 4736 et
652 4673 789 4737 fundum
808 4675 962 4758 Stephani
983 4674 1077 4756 jurati
1102 4673 1159 4737 lilii
1177 4673 1305 4736 Thorne
1331 4671 1542 4756 Vogrinoych

280 4782 355 4844 dicti
381 4782 563 4844 concivium
595 4797 777 4844 nostrorum
810 4781 964 4860 habitam,
999 4801 1096 4843 unam
1129 4781 1162 4842 in
1193 4794 1262 4842 toto
1286 4795 1432 4862 quartam
1458 4779 1545 4841 curie

279 4889 320 4950 ad
345 4907 439 4950 usum
464 4889 546 4952 dicte
572 4889 708 4951 civitatis
732 4889 764 4968 in
790 4909 823 4951 se
847 4889 1078 4968 continentem,
1103 4907 1161 4950 nec
1190 4907 1256 4949 non
1280 4888 1468 4970 porcionem
1493 4907 1544 4948 ce·

283 4995 354 5057 larii
379 4996 590 5074 subterranei,
614 4986 712 5077 quam
737 4995 804 5077 ipse
830 4996 956 5057 Marcus
980 4995 1083 5056 adhuc
1109 5014 1166 5077 pro
1191 5015 1223 5056 se
1248 4993 1421 5056 literatorie
1446 5012 1544 5056 reser-
