3832 5804
775 607 862 667 Anno
883 603 977 685 1461.
1447 624 1509 688 ²09

244 822 368 884 obitum
393 821 537 884 eiusdem
562 819 650 902 juxta
674 820 841 902 antiquam
873 819 1139 882 consvetudinem
1172 819 1255 881 dicte
1281 820 1427 899 civitatis,
1452 839 1506 882 ne·

242 927 330 990 mine
354 927 605 1006 contradicente,
629 925 698 1009 jure
722 925 917 988 hereditario
951 926 1127 988 dinoscitur
1151 925 1327 1008 possidere.

347 1033 425 1096 ltent
450 1034 584 1096 honesta
606 1031 743 1094 domina
766 1032 868 1095 Elena
889 1045 1003 1094 vocata
1028 1031 1094 1094 filia
1113 1031 1249 1094 condam
1276 1030 1432 1093 lohannis
1448 1043 1509 1093 sta-

243 1141 365 1204 cunarii
390 1160 522 1202 consors
538 1161 615 1202 vero
629 1139 786 1221 legittima
800 1139 859 1200 viri
874 1139 1001 1221 providi
1019 1151 1050 1201 et
1067 1137 1193 1200 honesti
1219 1137 1375 1201 Johannis
1392 1137 1509 1200 Bolsak

244 1248 319 1310 dicti
344 1247 481 1310 senioris
513 1247 628 1330 judicis
660 1260 690 1308 et
722 1245 864 1308 concivis
895 1246 1006 1324 nostri,
1040 1259 1147 1307 nostra
1180 1245 1328 1307 similiter
1359 1244 1510 1324 concivis,

189 1345 194 1350 ⁵
243 1351 324 1414 lassa
349 1369 394 1416 est
419 1353 580 1435 quandam
599 1353 805 1414 medietatem
830 1371 885 1414 seu
902 1365 1025 1434 partem
1057 1350 1241 1413 inferiorem
1268 1350 1435 1413 cuiusdam
1453 1351 1510 1412 do·

243 1479 314 1521 mus
337 1473 462 1522 mutate
485 1479 503 1521 a
526 1471 614 1541 parte
647 1457 861 1537 fundamenti,
893 1457 924 1518 in
951 1457 1035 1519 dicta
1068 1457 1195 1519 civitate
1228 1457 1310 1519 inter
1334 1455 1452 1518 fundos
1478 1470 1509 1518 et

244 1566 357 1628 domos
380 1566 558 1628 liberorum
583 1565 720 1628 condam
745 1564 921 1626 Alexandri
947 1577 978 1626 et
1001 1564 1136 1646 provide
1153 1563 1298 1626 mulieris
1321 1563 1436 1626 Vrsula
1452 1583 1508 1626 vo·

248 1687 316 1734 cate
341 1673 450 1750 relicte
474 1671 612 1734 condam
636 1672 775 1734 Emerici
799 1671 939 1750 sartoris,
965 1691 1000 1732 ac
1019 1670 1237 1734 Bartholomei
1264 1671 1418 1733 institoris
1434 1690 1509 1733 con-

244 1779 365 1840 civium
391 1793 573 1841 nostrorum
607 1779 746 1840 habitam
781 1792 811 1840 et
843 1779 1051 1856 existentem,
1082 1777 1218 1839 honesto
1252 1775 1411 1858 Gregorio
1442 1774 1510 1838 filio

245 1885 432 1946 Balthisaris
456 1885 543 1946 fratri
569 1885 712 1946 eiusdem
739 1885 871 1947 domine
889 1884 1000 1962 Elene,
1018 1883 1142 1946 concivi
1160 1897 1281 1962 nostro,
1306 1897 1337 1945 et
1360 1869 1418 1966 per¹
1433 1902 1508 1944 eum

242 1993 308 2053 suis
332 1991 504 2054 heredibus
529 1991 670 2054 dedisset
686 2005 717 2052 et
741 1991 943 2074 propinasset
963 2004 994 2054 et
1011 1989 1322 2072 quomodocumque
1346 1990 1509 2052 volueriut

245 2098 500 2180 disponendam
534 2111 564 2159 et
596 2097 671 2179 quia
703 2096 845 2180 prefatus
877 2096 1053 2178 Gregorius
1084 2096 1181 2158 aliam
1213 2096 1420 2158 medietatem
1452 2115 1508 2157 seu

244 2217 367 2287 partem
393 2204 592 2286 superiorem
618 2204 716 2286 ipsius
742 2203 858 2265 domus
882 2217 1006 2264 mutate
1023 2222 1096 2264 cum
1121 2203 1204 2264 solio
1228 2221 1285 2264 scu
1308 2203 1417 2285 spacio
1435 2201 1507 2263 solii

243 2325 316 2374 ante
342 2311 444 2393 ipsam
469 2311 591 2391 habito,
624 2331 682 2374 nec
714 2331 778 2374 non
811 2312 943 2374 totalem
976 2312 1109 2374 domum
1143 2312 1284 2393 ligneam
1315 2311 1412 2373 simul
1436 2331 1508 2374 cum

242 2417 343 2480 fundo
368 2431 399 2479 et
432 2417 549 2480 celario
581 2419 640 2480 sibi
674 2417 862 2500 subjacenti,
895 2439 930 2480 ac
962 2438 1035 2480 curn
1069 2417 1160 2480 totali
1193 2417 1294 2480 fundo
1326 2437 1429 2510 vacuo
1452 2437 1509 2481 εει]

242 2525 351 2606 spacio
376 2537 449 2588 ante
474 2545 576 2608 penus
601 2525 720 2604 celarii,
744 2527 784 2587 ab
810 2525 924 2587 eodem
950 2545 1070 2608 penore
1094 2545 1196 2606 usque
1221 2543 1349 2586 murum
1374 2523 1510 2586 civitatis

243 2631 386 2713 predicte
412 2631 494 2693 inter
518 2631 625 2693 locum
644 2632 765 2714 private
791 2651 847 2693 seu
872 2631 979 2693 cloace
1008 2652 1045 2692 ac
1070 2631 1151 2693 inter
1169 2645 1199 2693 et
1224 2645 1307 2693 retro
1331 2631 1508 2714 predictam

244 2735 377 2798 domum
396 2750 552 2798 muratam
572 2757 588 2798 a
606 2751 693 2818 parte
716 2737 919 2798 meridionali
945 2737 983 2798 de
1001 2737 1066 2798 alto
1084 2737 1171 2799 etde
1188 2738 1281 2799 basso
1298 2737 1366 2816 jure
1383 2736 1508 2800 heredi·

243 2842 325 2904 tario
350 2843 525 2904 literatorie
550 2844 727 2905 dinoscitur
759 2843 940 2926 possidere,
974 2842 1047 2905 ideo
1081 2863 1139 2906 nos
1171 2845 1360 2927 prescriptae
1390 2843 1505 2907 totales

244 2947 359 3010 domos
384 2948 507 3031 prelato
532 2948 691 3031 Gregorio
708 2950 878 3012 statuimus
902 2963 933 3012 et
950 2947 1212 3012 confirmavimus
1235 2963 1391 3034 perpetuo
1408 2951 1508 3033 possi·

245 3054 377 3118 dendas.

350 3161 449 3234 Quod
474 3161 630 3243 providus
654 3161 800 3247 Mathyas
824 3161 909 3225 filius
933 3162 1071 3225 condam
1090 3163 1176 3226 Luce
1202 3161 1406 3248 Pozmanych
1432 3161 1508 3225 dicti

246 3266 442 3330 inhabitator
465 3267 541 3328 ville
567 3267 730 3330 Cralewcz
754 3283 876 3348 vocate,
907 3270 966 3331 sub
999 3285 1101 3333 castro
1134 3270 1261 3332 Medwc
1295 3289 1508 3348 commorans,

249 3391 320 3435 cum
348 3371 519 3435 sufficienti
551 3374 737 3436 testimonio
769 3377 1002 3458 comprobavit,
1035 3377 1204 3458 quomodo
1229 3376 1362 3458 provida
1394 3376 1510 3437 mulier

248 3479 348 3541 Elena
373 3493 485 3542 vocata
510 3479 574 3541 filia
600 3481 737 3543 condam
763 3481 893 3544 Thome
918 3483 1054 3563 bergola
1087 3484 1191 3545 vocati
1216 3484 1295 3544 olim
1319 3482 1508 3544 habitatoris

247 3585 390 3668 predicte
414 3585 491 3647 ville
516 3585 691 3666 Cralewcz,
716 3607 753 3649 ex
771 3589 885 3650 eodem
913 3589 1043 3651 Thoma
1063 3589 1198 3670 bergola
1223 3603 1254 3651 et
1277 3589 1412 3672 provida
1429 3609 1505 3650 con-

247 3692 320 3754 dam
346 3693 481 3754 muliere
507 3692 631 3775 Gwnga
656 3707 803 3757 consorte
828 3695 927 3778 ipsius
945 3695 1074 3757 Thome
1099 3695 1235 3776 Bergola
1260 3695 1416 3777 legittima
1433 3715 1506 3778 pro·

245 3800 353 3882 genita
378 3801 487 3862 relicta
512 3821 588 3862 vero
613 3801 750 3863 condam
775 3802 900 3864 Nicolai
925 3799 1137 3885 Chernchych
1163 3801 1238 3863 dicti
1263 3801 1303 3863 de
1328 3801 1411 3862 dicta
1429 3800 1507 3864 Cra-

244 3907 355 3986 lewcz,
378 3927 413 3968 ac
435 3907 516 3968 inter
529 3921 644 3969 terram
669 3909 875 3970 sessionalem
895 3908 1028 3991 predicti
1051 3907 1142 3970 castri
1158 3907 1283 3968 Medwe
1297 3927 1406 3989 quam,
1420 3927 1505 3969 nunc

245 4011 384 4096 Gyvvrelr
395 4014 493 4075 Rosin
508 4014 611 4076 dictus
621 4014 660 4076 de
671 4015 754 4076 dicta
770 4015 1063 4076 Kralewczcultare
1074 4013 1379 4076 dinosciturscilicet
1389 4034 1405 4075 a
1417 4027 1504 4097 parte

244 4119 392 4181 orientali
417 4119 578 4181 mediante
603 4119 722 4182 fossato
746 4121 899 4200 habitam,
924 4142 960 4184 ac
984 4121 1066 4183 inter
1088 4135 1205 4182 terram
1238 4118 1351 4202 prelati
1377 4119 1506 4203 Mathye

245 4225 446 4309 Pormanych
471 4248 488 4288 a
513 4227 742 4310 septemtrione
766 4227 914 4290 similiter
947 4229 1108 4290 mediante
1136 4227 1266 4306 fossato,
1290 4247 1326 4288 ac
1351 4227 1433 4289 inter
1456 4227 1503 4288 vi·

248 4351 341 4393 neam
355 4352 390 4394 ac
403 4331 579 4414 (hlorrcum
595 4347 625 4396 et
642 4333 802 4396 stabulum
816 4353 872 4396 εει]
884 4333 1042 4396 koucham
1053 4335 1196 4396 eiusdem
1212 4333 1339 4418 Mathye
1354 4332 1410 4394 filii
1421 4333 1506 4395 Luce

246 4437 451 4521 Pozmanych
476 4439 740 4521 aseptemtrione
764 4440 910 4501 similiter
921 4440 1082 4502 mediante
1101 4438 1218 4502 fossato
1243 4441 1347 4519 sitam,
1372 4453 1402 4502 et
1427 4439 1508 4501 inter

246 4544 373 4606 vineam
398 4543 556 4607 desertam
573 4546 699 4607 Nicolai
716 4545 773 4608 filii
790 4545 904 4628 prefati
922 4548 1059 4609 condam
1079 4549 1163 4609 Luce
1182 4545 1386 4629 Pozmanych
1404 4545 1508 4608 fratris

248 4651 392 4712 eiusdem
418 4652 548 4735 Mathye
573 4653 700 4730 uterini,
717 4654 757 4713 ab
775 4653 952 4732 occidente,
976 4673 1012 4715 ac
1029 4654 1110 4715 inter
1135 4653 1261 4714 vineam
1286 4673 1322 4714 ac
1345 4652 1504 4714 vinealem

247 4757 434 4838 porcionem
460 4758 588 4820 Thome
614 4757 781 4841 Kelkoych
813 4759 853 4821 de
886 4759 969 4820 dicta
995 4759 1160 4821 Kralevvcz
1192 4757 1413 4820 ameridione
1439 4777 1504 4818 me·

247 4862 354 4925 diante
378 4883 478 4946 parvo
503 4863 632 4942 fossato,
657 4885 693 4926 ac
710 4865 792 4926 inter
817 4865 1004 4948 porcionem
1021 4866 1179 4927 vinealem
1205 4885 1222 4926 a
1247 4865 1388 4946 predicta
1414 4863 1507 4924 meri·

245 4969 342 5031 dione
366 4969 500 5053 provide
533 4971 677 5033 mulieris
710 4971 885 5054 Elyzabeth
919 4985 1029 5033 vocate
1063 4969 1126 5032 filie
1160 4971 1295 5032 condam
1330 4969 1507 5052 Elyzabeth

245 5073 310 5138 filie
333 5075 433 5158 ipsius
457 5077 594 5140 condam
629 5077 729 5138 Elene
762 5076 914 5155 habitam,
947 5077 1043 5138 simul
1075 5097 1146 5138 cum
1180 5077 1332 5138 omnibus
1363 5074 1506 5136 eiusdem

1407 5201 1443 5262 ¹4
