3854 5798
399 519 462 598 284
929 521 1016 580 Anno
1037 531 1129 600 1470.

393 745 540 806 vaverat;
566 732 657 794 cuius
681 733 776 794 aliam
803 698 1011 796 medietatem
1044 733 1187 796 eiusdem
1224 733 1350 813 domus,
1376 733 1467 795 fundi
1491 747 1523 795 et
1546 731 1660 795 hedifi-

393 839 530 919 ciorum,
554 840 727 923 celariique
752 842 953 904 subterranei
979 841 1170 904 Valentinus
1202 856 1292 902 sutor
1314 840 1399 903 filius
1423 841 1558 904 Fabiani
1582 861 1660 904 con-

393 946 471 1008 civis
496 960 603 1008 noster
627 946 800 1010 abeodem
827 948 935 1010 Marco
953 948 1093 1030 agricola
1112 947 1335 1031 Sydowchych
1352 948 1438 1010 dicto
1462 967 1521 1031 pro
1545 948 1657 1010 decem

393 1065 424 1112 et
447 1064 568 1132 septem
594 1067 625 1113 et
649 1051 757 1114 medio
782 1052 851 1118 flor.
871 1054 938 1114 auri
964 1053 1143 1136 emptionis
1160 1054 1255 1115 titulo
1280 1053 1454 1116 literatorie
1480 1053 1659 1116 dinoscitur

393 1157 566 1239 possidere,
590 1157 743 1219 directam
765 1173 796 1222 et
812 1161 961 1241 equalem
986 1160 1082 1222 aliam
1101 1160 1306 1222 medietatem
1325 1159 1408 1222 dicte
1422 1160 1548 1240 domus,
1565 1159 1656 1222 iundi

392 1277 423 1324 et
446 1263 681 1344 hedificiorum,
706 1266 879 1347 celariique
897 1267 1096 1328 subterranei
1121 1265 1246 1349 prefato
1262 1266 1436 1328 Valentino
1461 1267 1561 1328 sutori
1587 1265 1656 1328 filio

392 1369 525 1432 Fabiani
551 1385 582 1431 et
605 1371 670 1432 suis
694 1371 867 1434 heredibus
901 1392 961 1454 pro
992 1373 1236 1454 quatuordecim
1270 1372 1339 1434 flor.
1363 1373 1431 1433 auri
1455 1373 1602 1434 vendidit
1625 1385 1657 1434 et

392 1476 528 1537 contulit
561 1475 628 1556 jure
660 1492 818 1560 perpetuo
850 1479 1091 1561 possidendam,
1122 1479 1212 1541 salvo
1243 1478 1312 1560 jure
1343 1479 1506 1541 Valentini
1530 1478 1657 1562 judicis,

392 1582 480 1663 quod
507 1583 573 1665 ipse
598 1585 630 1644 in
655 1585 770 1647 eodem
796 1584 898 1647 fundo
932 1601 963 1648 et
987 1586 1104 1648 celario
1137 1587 1346 1648 subterraneo
1377 1598 1408 1646 et
1431 1585 1503 1647 aliis
1534 1586 1657 1647 cunctis

391 1689 455 1750 suis
480 1689 671 1752 utilitatibus
696 1691 870 1754 literatorie
895 1692 1072 1754 dinoscitur
1096 1693 1271 1775 possidere.

497 1795 573 1856 ltem
599 1797 675 1878 quia
700 1799 854 1879 providus
878 1799 926 1859 vir
951 1798 1134 1860 Anthonius
1157 1812 1246 1860 sutor
1263 1798 1360 1880 Segin
1386 1798 1490 1860 dictus
1513 1797 1655 1860 concivis

392 1916 499 1964 noster
534 1904 619 1965 tilius
644 1905 734 1966 Pauli
759 1905 905 1968 vendidit
933 1905 1097 1988 quandam
1130 1906 1319 1988 particulam
1352 1905 1517 1967 cuiusdam
1544 1903 1653 1986 (h)orti

390 2009 439 2070 sui
464 2009 495 2070 in
520 2011 675 2072 suburbio
708 2011 791 2074 dicte
825 2013 962 2074 civitatis
997 2032 1096 2095 prope
1129 2012 1296 2074 ecclesiam
1330 2014 1420 2073 beate
1453 2010 1654 2092 Margarethe

391 2115 522 2197 virginis
546 2130 577 2178 et
601 2117 683 2178 inter
707 2115 860 2200 (h)ortum
889 2119 1042 2180 Demetrii
1064 2119 1191 2196 sutoris,
1224 2139 1241 2180 a
1266 2118 1471 2180 meridionali
1495 2133 1596 2200 parte,
1622 2132 1653 2178 et

391 2221 473 2283 inter
496 2222 592 2284 aliam
618 2225 804 2305 porcionem
838 2225 982 2287 eiusdem
1008 2224 1135 2308 (h)orti,
1167 2244 1264 2306 quam
1296 2223 1438 2306 prelatus
1469 2223 1654 2285 Anthonius

389 2342 478 2390 sutor
502 2349 559 2412 pro
584 2351 617 2392 se
643 2331 815 2394 literatorie
840 2347 1042 2412 reservasset,
1060 2351 1133 2394 curn
1152 2332 1304 2393 omnibus
1321 2331 1464 2393 eiusdem
1489 2330 1654 2412 porcionis

389 2453 444 2495 sue
470 2435 545 2496 dicti
571 2435 680 2518 (h)orti
698 2437 889 2500 utilitatibus
913 2439 1087 2500 Valentino
1105 2439 1205 2500 sutori
1229 2438 1376 2499 similiter
1393 2437 1517 2498 concivi
1541 2449 1651 2498 nostro

389 2539 457 2602 filio
482 2541 580 2602 Blasii
605 2542 644 2603 de
669 2544 745 2606 villa
772 2545 929 2627 Brezthye
961 2560 992 2607 et
1016 2546 1083 2607 suis
1115 2544 1287 2606 heredibus
1309 2563 1367 2626 pro
1392 2557 1465 2605 octo
1489 2542 1558 2604 flor.
1582 2543 1653 2604 auri

388 2647 535 2709 vendidit
559 2663 589 2710 et
614 2651 751 2713 contulit
775 2672 810 2712 ex
844 2671 1001 2714 consensu
1034 2652 1215 2713 vicinorum
1247 2651 1464 2734 predictorum
1488 2651 1556 2732 jure
1580 2670 1651 2732 per·

389 2769 487 2835 petuo
511 2756 751 2837 possidendam,
775 2759 948 2820 tenendam
973 2759 1090 2840 pariter
1114 2773 1145 2820 et
1169 2758 1362 2820 habendam.

496 2863 594 2936 Quod
619 2864 694 2946 quia
728 2865 866 2947 quedam
899 2881 979 2926 terra
1006 2865 1103 2927 Blasii
1129 2865 1265 2949 Frawyn
1298 2865 1392 2942 dicti,
1416 2883 1479 2946 que
1512 2863 1651 2926 condam

388 2967 590 3050 inpignorata
617 2969 719 3033 fuerat
736 2973 872 3033 condam
891 2971 1050 3053 Gregorio
1075 2971 1142 3034 filio
1169 2971 1333 3034 Benedicti
1351 2971 1428 3032 dicti
1446 2969 1652 3053 deosthyh

388 3094 444 3156 per
469 3076 611 3138 Blasium
637 3077 774 3161 Frawyn
799 3079 932 3156 dictum,
964 3079 1042 3140 olim
1075 3079 1213 3159 juratum
1240 3091 1271 3139 et
1302 3077 1467 3139 concivem
1494 3090 1651 3156 nostrum,

387 3201 445 3264 pro
470 3183 682 3265 quadraginta
707 3185 852 3267 quinque
878 3184 946 3247 flor.
972 3185 1052 3264 auri,
1076 3185 1309 3267 quamquidem
1341 3198 1456 3245 terram
1482 3184 1549 3265 ipse
1573 3202 1650 3244 con·

389 3288 463 3350 darn
489 3287 870 3374 Gregoriuusdostyh
904 3292 1042 3353 condam
1067 3292 1191 3353 Briccio
1223 3291 1302 3353 olim
1327 3289 1424 3372 judici
1449 3303 1481 3352 et
1503 3289 1652 3350 similiter

388 3395 512 3457 concivi
538 3411 647 3458 nostro
672 3396 759 3460 lrarri
784 3418 842 3460 suo
867 3398 985 3460 carnali
1003 3398 1267 3460 testamentaliter
1294 3398 1440 3478 legasset,
1464 3411 1495 3457 et
1517 3396 1649 3459 tandem

388 3501 455 3584 ipse
480 3504 617 3566 condam
649 3505 792 3566 Briccius
823 3505 918 3585 judex
950 3505 1084 3588 provide
1116 3505 1254 3566 condam
1288 3504 1416 3566 mulieri
1449 3503 1650 3584 Margaretha

388 3623 499 3672 vocate
524 3611 663 3673 consorti
689 3632 744 3672 sue
769 3612 925 3694 legittime
953 3611 1218 3674 testamentaliter
1249 3611 1385 3692 legasset
1409 3623 1440 3672 et
1464 3609 1649 3687 dimisisset,

386 3716 593 3797 postmodum
619 3717 731 3779 eadem
758 3718 888 3779 domina
915 3718 1115 3799 Margaretha
1149 3717 1285 3779 eandem
1309 3731 1425 3778 terram
1450 3729 1524 3778 octo
1548 3715 1650 3776 dieta·

387 3841 457 3883 rum
483 3822 621 3884 Johanni
646 3823 743 3904 judici
768 3823 835 3886 filio
859 3824 996 3886 condam
1026 3825 1106 3885 Pero
1123 3823 1216 3905 jurati
1242 3837 1273 3886 et
1297 3823 1438 3885 concivis
1463 3821 1561 3883 nostri
1578 3821 1648 3900 jure

386 3929 447 3989 sibi
471 3929 670 3992 incumbenti
696 3930 828 3992 dederat
851 3945 882 3993 et
906 3931 1104 4007 contulerat;
1137 3931 1266 4012 etquis
1291 3950 1351 3992 nos
1375 3930 1481 3992 eidem
1506 3927 1647 3990 lohanni

385 4034 484 4114 judici
509 4036 549 4096 ad
581 4037 696 4097 trinam
730 4035 891 4099 forensem
923 4037 1216 4120 proclamacionem
1249 4056 1305 4118 per
1336 4055 1490 4119 precones
1522 4048 1648 4097 nostros

387 4161 576 4203 communes
593 4143 625 4203 in
643 4163 681 4204 eo
699 4143 765 4204 fieri
784 4143 987 4205 commissam
1004 4143 1196 4226 proclamari
1214 4141 1358 4220 fecimus,
1378 4157 1414 4203 ut
1431 4141 1456 4202 si
1474 4141 1592 4222 aliquis
1609 4161 1647 4202 ex

390 4248 546 4330 proximis
571 4263 601 4310 et
625 4250 1025 4332 consanguineiseiusdem
1040 4249 1160 4328 luisset,
1170 4249 1304 4311 eandem
1330 4263 1445 4310 terram
1471 4246 1645 4308 abeodem

387 4355 533 4416 lohanne
550 4355 654 4436 judice
678 4357 837 4418 redimere
862 4358 1034 4436 debuisset,
1052 4358 1170 4439 quibua
1200 4377 1258 4418 nos
1282 4356 1437 4418 terminos
1453 4352 1647 4416 sufficientes

386 4461 630 4542 assignavimus,
645 4463 752 4524 nullus
765 4478 872 4525 tamen
887 4484 924 4525 ex
941 4463 1062 4526 eisdem
1081 4464 1120 4524 ad
1138 4461 1358 4526 redimendam
1376 4462 1511 4522 eandem
1529 4475 1645 4522 terram

386 4569 577 4650 comparuit,
601 4587 660 4630 nec
693 4570 828 4631 eandem
861 4584 978 4631 terram
1011 4569 1169 4630 redimere
1201 4569 1332 4648 curavit,
1358 4567 1432 4629 ideo
1456 4587 1515 4628 nos
1539 4566 1646 4628 eidem

386 4675 524 4736 Johanni
548 4675 648 4756 judici
680 4676 815 4737 eandem
847 4689 963 4738 terram
997 4689 1070 4738 octo
1102 4676 1262 4738 dictarum
1286 4674 1325 4737 nd
1358 4673 1564 4736 vendendum
1588 4693 1645 4735 seu

385 4782 610 4844 ascribendum
633 4784 762 4865 plenam
787 4783 991 4847 attribuimus
1007 4782 1190 4845 facultatem
1212 4783 1254 4844 ita
1279 4795 1397 4861 tamen,
1421 4780 1510 4863 quod
1536 4780 1562 4842 si
1587 4780 1645 4841 ali·

385 4889 457 4970 quis
482 4909 519 4950 ex
553 4889 636 4951 veris
664 4889 836 4953 heredibus
868 4891 1012 4953 eiusdem
1042 4891 1139 4952 Blasii
1171 4891 1306 4975 Frawyn
1339 4907 1446 4951 coram
1472 4887 1565 4950 nobis
1589 4887 1644 4950 ad·

385 4997 517 5075 venerit,
542 5010 657 5060 extunc
682 5017 740 5059 nos
757 4997 852 5059 aliam
876 4999 1109 5080 possessionem
1127 4997 1200 5059 loco
1218 4997 1318 5079 ipsius
1341 5009 1423 5057 terre
1447 5013 1505 5077 pro
1530 4993 1643 5056 eadem
