3832 5804
387 525 449 606 136
915 527 1002 585 Anno
1026 541 1114 604 1452.

385 765 468 836 Item
496 763 528 834 in
558 764 674 853 vigilia
699 765 776 834 lesti
806 763 1060 836 Purificacionis
1080 767 1178 837 beate
1206 786 1336 854 semper
1361 769 1503 855 virginis
1532 769 1646 838 llarie.

896 919 936 992 (r.
965 919 1135 995 februaria).

490 1059 566 1120 ltem
599 1059 752 1120 dominus
786 1059 939 1121 Clemens
978 1061 1134 1143 presbiter
1167 1061 1318 1141 magister
1351 1059 1517 1142 hospitalis
1549 1062 1648 1122 nostri

384 1167 566 1228 communis
590 1166 753 1247 quandam
787 1166 914 1226 vineam
949 1167 1086 1228 condam
1121 1168 1251 1228 Thome
1283 1166 1398 1229 Croaci
1424 1167 1457 1227 in
1488 1167 1648 1228 territorio

384 1287 493 1334 nostro
518 1273 600 1333 inter
624 1273 750 1333 vineam
784 1273 956 1353 Augustini
990 1273 1095 1354 jurati,
1128 1295 1145 1334 a
1178 1274 1419 1356 septemtrione,
1444 1288 1475 1335 et
1499 1275 1580 1334 inter
1604 1275 1649 1334 vi-

384 1399 477 1440 neam
504 1379 663 1440 Francisci
689 1379 819 1456 literati,
843 1400 860 1440 a
886 1379 1066 1442 meridione
1097 1381 1251 1458 habitam,
1284 1381 1422 1461 desuper
1447 1401 1463 1440 a
1488 1381 1538 1440 via
1563 1400 1648 1441 com·

384 1485 474 1546 muni
499 1499 530 1547 et
555 1483 636 1546 inira
661 1503 762 1565 usque
796 1485 950 1564 rivulum,
976 1505 1047 1546 curn
1086 1486 1206 1569 (h)orto
1232 1501 1263 1547 et
1293 1500 1375 1546 terra
1400 1486 1518 1546 eisdem
1545 1486 1649 1564 subja·

384 1593 530 1653 centibus
553 1611 586 1652 se
612 1591 850 1668 extendentem,
875 1591 1042 1654 Anthonio
1072 1593 1213 1672 agricole
1245 1592 1312 1654 filio
1339 1593 1494 1654 Anthonii
1520 1593 1559 1653 de
1585 1593 1648 1653 Do-

384 1701 525 1777 bowecz,
549 1711 583 1759 ut
609 1717 694 1758 novo
720 1699 844 1758 concivi
870 1713 991 1776 nostr0,
1025 1719 1082 1780 pro
1108 1699 1281 1760 duodecim
1318 1698 1387 1760 flor.
1411 1700 1479 1760 auri
1504 1699 1650 1759 vendidit

384 1820 540 1887 perpetuo
565 1804 792 1887 possidendam
818 1819 848 1866 et
872 1806 933 1866 sibi
958 1805 1048 1866 litera
1073 1807 1131 1866 sub
1157 1806 1309 1888 pendenti
1341 1807 1449 1886 sigillo
1470 1806 1648 1867 communi·

384 1913 456 1972 tatis
480 1925 638 1974 emanata.

490 2017 568 2078 Item
603 2019 730 2078 Marcus
762 2017 883 2096 juratus
912 2017 998 2078 filius
1032 2017 1197 2079 Michaelis
1231 2017 1410 2080 Sebastiani
1442 2018 1647 2080 medietatem

385 2124 501 2185 domus
525 2138 647 2184 mutate
672 2138 702 2184 et
718 2125 869 2185 stationis
893 2125 1040 2186 similiter
1058 2140 1181 2185 mturare
1199 2139 1230 2185 et
1251 2124 1342 2185 fundi
1367 2145 1402 2185 ac
1427 2125 1535 2186 celarii
1561 2126 1648 2186 simi-

383 2227 455 2289 liter
479 2229 606 2306 murati,
631 2249 666 2290 ac
691 2230 826 2290 cisterne
861 2250 918 2290 nec
953 2249 1017 2291 non
1051 2228 1277 2291 hedificiorum
1302 2246 1366 2290 tam
1399 2230 1517 2311 lapidei
1551 2249 1648 2311 quarn

383 2335 481 2416 lignei
506 2336 613 2416 operis
638 2337 715 2397 inibi
741 2336 858 2398 habitis
883 2351 913 2398 et
938 2337 1137 2415 constructis,
1162 2337 1194 2398 in
1220 2337 1303 2398 dicta
1328 2337 1453 2397 civitate
1479 2339 1561 2398 inter
1586 2336 1646 2398 do·

383 2461 471 2504 mum
497 2442 636 2521 ligneam
663 2457 694 2504 et
718 2441 854 2503 fundum
874 2442 1021 2525 Dyonisii
1043 2443 1148 2524 jurati,
1166 2445 1205 2504 ab
1224 2443 1358 2520 oriente,
1375 2457 1406 2503 et
1431 2443 1512 2504 inter
1530 2441 1648 2504 fundos

382 2568 417 2610 ac
442 2547 558 2610 domos
583 2549 673 2609 Pauli
698 2548 850 2610 aurifabri
876 2565 907 2610 et
931 2549 1106 2610 liberorum
1132 2549 1270 2611 condam
1300 2549 1486 2624 Alexandri,
1510 2569 1526 2608 a
1553 2549 1647 2610 meri·

383 2654 491 2732 dione,
514 2675 549 2716 ac
574 2655 656 2716 inter
679 2655 746 2716 vias
770 2674 959 2715 communes
983 2655 1090 2716 habite
1122 2670 1152 2716 et
1184 2655 1358 2732 existentis,
1392 2655 1472 2714 duas
1495 2655 1648 2715 videlicet

384 2761 488 2822 curias
512 2777 542 2821 et
567 2780 663 2822 unam
689 2776 834 2842 quartam
853 2763 940 2822 curie
958 2762 990 2823 in
1015 2781 1047 2822 se
1066 2761 1270 2838 continentis,
1295 2759 1419 2842 prelato
1445 2761 1546 2822 Paulo
1564 2761 1648 2822 auri·

383 2866 474 2928 labro
491 2881 522 2928 et
540 2867 714 2928 Benedicto
738 2866 900 2928 aurifabro
917 2868 1060 2944 sororiis,
1080 2888 1116 2929 ac
1140 2868 1253 2928 Vrsule
1271 2881 1302 2928 et
1320 2867 1457 2928 Barbare
1481 2867 1647 2928 sororibus

383 2973 449 3034 suis
472 2993 530 3055 pro
556 2974 730 3054 nonaginta
755 2988 786 3035 et
809 2987 882 3034 octo
907 2994 978 3035 cum
1005 2975 1113 3034 medio
1132 2973 1199 3036 flor.
1225 2973 1293 3034 auri
1318 2973 1465 3036 vendidit
1489 2988 1646 3056 perpetuo

383 3080 629 3162 possidendam3
655 3081 750 3140 aliam
776 3095 883 3140 autem
914 3081 1120 3142 medietatem
1153 3080 1343 3141 eorumdem
1375 3080 1492 3141 domus
1524 3095 1648 3142 mutate

383 3201 414 3246 et
437 3187 587 3247 stacionis
612 3205 647 3246 ac
666 3185 773 3247 celarii
790 3207 825 3246 ac
847 3187 982 3248 cisterne
998 3186 1145 3247 similiter
1163 3200 1372 3264 mutatorum,
1391 3201 1647 3268 cunctorumque

383 3292 607 3355 hedificiorum
633 3292 863 3374 predictorum,
888 3293 1075 3373 porcionem
1093 3293 1243 3354 videlicet
1263 3312 1365 3371 suam,
1392 3293 1583 3354 Benedictus
1599 3292 1647 3374 ju·

383 3413 469 3462 ratus
500 3399 596 3461 frater
620 3397 733 3481 prelati
759 3399 856 3459 Marci
890 3398 983 3478 jurati
1016 3398 1136 3458 eisdem
1168 3399 1299 3459 sororiis
1331 3412 1362 3460 et
1393 3399 1558 3460 sororibus
1583 3401 1648 3460 suis

383 3507 414 3567 in
433 3506 567 3568 articulo
585 3507 696 3567 mortis
712 3525 767 3568 sue
785 3505 904 3584 legavit
921 3519 1075 3586 perpetuo
1093 3505 1321 3586 possidendam
1334 3519 1364 3566 et
1381 3506 1552 3587 superinde
1570 3507 1646 3588 ipsis

384 3627 430 3673 est
454 3613 544 3674 litera
569 3613 628 3672 sub
646 3611 799 3693 pendenti
823 3611 930 3692 sigillo
956 3611 1196 3672 communitatis
1225 3625 1382 3674 emanata.

491 3718 568 3779 ltem
593 3717 734 3799 prefatus
760 3717 951 3778 Benedictus
969 3716 1089 3798 juratus
1109 3716 1195 3778 filius
1213 3717 1312 3798 ipsius
1337 3716 1503 3779 Michaelis
1527 3718 1648 3779 medie-

383 3838 481 3886 tatem
506 3825 673 3886 cuiusdam
699 3825 791 3884 vinee
816 3824 953 3884 Koritho
979 3837 1101 3900 vocate,
1119 3825 1201 3884 inter
1217 3824 1345 3884 vineam
1372 3824 1537 3886 Benedicti
1563 3825 1647 3886 auri·

384 3929 477 4009 labri,
502 3951 519 3990 a
545 3930 723 3991 meridione
750 3945 780 3991 et
804 3931 886 3991 inter
919 3932 1046 3991 vineam
1072 3930 1228 3991 desertam
1262 3951 1298 3991 ac
1322 3931 1436 3992 silvam
1462 3931 1546 3993 Petri
1572 3932 1648 3993 dicti

385 4037 540 4097 Penthera
565 4057 581 4097 a
606 4037 834 4118 septemtrione
857 4037 974 4114 habite,
999 4057 1015 4098 a
1040 4051 1128 4118 parte
1158 4036 1360 4098 meridionali
1385 4038 1492 4116 sitam,
1516 4036 1649 4120 prelatis

384 4143 514 4203 sororiis
539 4156 569 4204 et
593 4143 757 4203 sororibus
781 4143 846 4202 suis
877 4144 1024 4204 similiter
1055 4143 1087 4204 in
1119 4143 1254 4204 articulo
1287 4144 1399 4204 mortis
1422 4163 1479 4206 sue
1503 4145 1650 4205 similiter

384 4249 503 4328 legavit
527 4263 683 4330 perpetuo
712 4248 939 4330 possidendam
968 4263 998 4310 et
1026 4250 1196 4331 superinde
1222 4263 1268 4312 est
1292 4251 1382 4312 litera
1408 4251 1466 4312 sub
1492 4251 1648 4333 pendenti

385 4354 492 4436 sigillo
522 4357 762 4418 communitatis
786 4371 942 4418 emanata.

492 4459 569 4520 ltem
589 4459 707 4521 fundus
724 4462 856 4542 quidam
875 4463 1051 4524 incivitate
1070 4464 1151 4524 inter
1168 4461 1304 4524 fundum
1323 4477 1353 4524 et
1371 4462 1504 4524 domum
1524 4462 1649 4544 Agathe

385 4565 540 4645 mulieris,
565 4587 582 4628 a
607 4568 847 4648 septemtrione,
872 4583 903 4630 et
927 4570 1009 4631 inter
1041 4570 1149 4631 locum
1175 4571 1302 4652 pallacii
1328 4570 1466 4632 condam
1493 4570 1648 4651 Stephani

385 4673 446 4734 Wr
470 4673 607 4753 habitus,
627 4693 723 4736 unam
749 4689 894 4756 quartam
912 4678 997 4737 curie
1023 4678 1055 4738 in
1073 4698 1106 4738 se
1124 4678 1302 4756 continens,
1320 4679 1456 4739 Nicolao
1481 4677 1648 4759 purgatori

384 4778 567 4860 gladiorum
593 4795 623 4842 et
646 4801 702 4842 sue
727 4783 867 4843 consorti
892 4797 938 4843 est
955 4783 1128 4844 literatorie
1153 4784 1396 4864 privilegialiter
1419 4787 1478 4846 sub
1493 4783 1646 4866 pendenti

384 4885 490 4965 sigillo
523 4888 762 4949 communitatis
785 4903 919 4949 statutus
944 4904 1099 4971 perpetuo
1118 4890 1341 4972 possidendus.

490 4991 566 5053 Item
592 4992 707 5053 domus
731 5013 804 5054 curn
829 4993 929 5055 lundo
956 5009 985 5056 et
1009 4996 1127 5057 celario
1148 4999 1355 5058 subterraneo
1381 5017 1416 5058 ac
1441 4995 1597 5058 hedificiis
1613 4997 1646 5058 in
