3854 5798
815 523 901 580 Anno
923 519 1015 600 1463.
1484 541 1545 605 233

286 735 423 797 condam
449 735 578 798 Andree
604 733 660 796 filii
686 736 765 796 olim
796 735 924 797 Martini
958 735 1033 796 dicti
1060 735 1167 796 Kozar
1192 735 1230 796 de
1256 735 1376 814 Otholt,
1400 735 1547 798 similiter

284 862 381 904 unam
406 857 552 903 octavam
577 842 712 924 predicti
738 840 830 902 fundi
854 843 902 903 sui
927 843 1032 904 civilis
1055 843 1104 903 sui
1123 843 1153 902 in
1178 842 1342 904 vicinitate·
1365 841 1547 924 supradicta

285 948 418 1031 provide
444 949 570 1010 mulieri
596 947 698 1010 Elena
722 963 835 1010 vocate
852 949 961 1010 relicte
979 946 1093 1030 prefati
1112 948 1249 1009 condam
1267 947 1406 1009 Emerici
1431 949 1548 1010 sutoris

286 1055 363 1116 olim
388 1054 480 1136 jurati
507 1068 537 1115 et
554 1055 695 1116 concivis
720 1055 819 1116 nostri
838 1074 895 1136 pro
916 1055 1062 1137 quinque
1080 1054 1187 1136 pensis
1204 1053 1410 1115 denariorum
1436 1054 1546 1116 vendi·

285 1161 382 1222 disset
405 1175 562 1243 perpetuo
587 1160 815 1244 possidendam
848 1159 933 1242 juxta
962 1160 1188 1222 condicionem
1221 1160 1357 1222 civitatis
1382 1174 1547 1243 prenotate

286 1268 594 1350 quomodocumque
626 1268 765 1330 voluerit
796 1267 1050 1349 disponendam,
1084 1267 1188 1350 ipsum
1225 1287 1241 1328 a
1275 1265 1395 1349 prefata
1421 1271 1546 1347 Agnete

286 1375 420 1436 muliere
444 1394 500 1436 sua
525 1374 681 1455 legittime
706 1373 896 1435 donacionis
920 1374 1014 1437 titulo
1039 1387 1296 1437 concernentem.

390 1480 488 1554 Quod
514 1481 588 1561 quia
613 1480 747 1562 provida
771 1480 888 1542 mulier
920 1480 1111 1561 Magdalena
1138 1495 1249 1542 vocata
1272 1481 1382 1542 relicta
1405 1478 1543 1540 condam

286 1587 410 1649 Nicolai
435 1587 575 1668 agricole
592 1585 649 1648 filii
678 1587 824 1649 similiter
840 1587 966 1648 Nicolai
986 1587 1162 1670 Petrenych
1180 1589 1258 1648 olim
1277 1587 1418 1648 concivis
1436 1585 1545 1664 nostri,

287 1695 428 1757 concivis
452 1709 571 1773 nostra,
588 1695 723 1756 domum
740 1714 830 1756 suam
845 1708 1003 1756 muratam
1020 1695 1116 1756 simul
1134 1700 1207 1756 cum
1233 1695 1362 1773 celario,
1379 1693 1546 1775 fundoque

285 1820 320 1861 ac
346 1798 480 1862 edificiis
504 1801 536 1861 in
569 1800 683 1862 eodem
710 1799 811 1862 fundo
843 1799 1110 1883 superedificatis,
1136 1801 1275 1862 indicta
1301 1801 1439 1878 civitate,
1465 1800 1546 1861 inter

285 1908 401 1969 domos
425 1909 548 1989 ligneas
572 1923 602 1969 et
626 1906 743 1968 fundos
767 1908 908 1969 virorum
942 1908 1150 1990 providorum
1175 1907 1331 1969 Anthonii
1357 1905 1546 1992 Mychcolen

287 2029 318 2076 et
339 2015 514 2076 liberorum
539 2034 596 2076 seu
620 2033 840 2076 successorum
865 2015 1003 2076 condam
1028 2014 1190 2076 Valentini
1221 2014 1393 2095 Regutani,
1417 2033 1434 2074 a
1459 2029 1546 2095 parte

287 2121 552 2203 septemtrionali,
577 2133 607 2182 et
630 2139 849 2182 successorum
883 2119 1015 2202 Georgii
1047 2118 1138 2198 fabri,
1163 2140 1181 2180 a
1207 2120 1398 2197 meridione,
1423 2133 1546 2180 nostro·

288 2247 358 2288 rum
384 2227 566 2288 concivium
603 2228 802 2305 existentem,
835 2227 914 2288 duas
945 2242 1073 2309 quartas
1105 2227 1190 2287 curie
1222 2227 1262 2288 ad
1287 2244 1380 2286 usum
1414 2225 1548 2288 civitatis

285 2331 406 2414 prefate
431 2333 463 2394 in
488 2353 520 2393 se
553 2333 790 2412 continentem,
827 2334 927 2415 ipsam
961 2333 1126 2394 dominam
1159 2332 1385 2412 Magdalenam
1418 2331 1545 2412 quoad

287 2439 417 2500 terciam
443 2450 565 2520 partem
592 2439 735 2499 eiusdem
762 2438 878 2500 domus
903 2459 920 2499 a
946 2439 1014 2500 viro
1032 2439 1169 2500 condam
1195 2439 1331 2520 provido
1356 2453 1387 2500 et
1412 2437 1546 2499 honesto

285 2544 416 2606 Vrbano
451 2543 519 2606 filio
556 2545 655 2627 ipsius
691 2545 826 2606 condam
863 2545 989 2607 Nicolai
1025 2565 1060 2606 ac
1096 2545 1245 2627 privigno
1282 2546 1380 2627 ipsius
1415 2543 1546 2606 domine

287 2651 479 2734 Magdalene
504 2653 633 2714 racione
658 2651 854 2730 divisionali,
887 2667 918 2712 et
941 2670 1007 2732 quo
1032 2651 1071 2712 ad
1105 2647 1201 2713 aliam
1225 2651 1356 2714 terciam
1381 2665 1503 2731 partem
1529 2670 1546 2711 a

286 2756 409 2838 prelato
435 2757 565 2819 Vrbano
590 2758 769 2839 empcionis
792 2757 887 2818 titulo
912 2758 1097 2836 literatorie,
1122 2773 1153 2820 et
1181 2778 1246 2840 quo
1272 2757 1311 2818 ad
1338 2756 1489 2818 directam
1515 2770 1547 2818 et

286 2865 433 2944 equalem
459 2865 604 2925 eiusdem
622 2864 828 2925 medietatem
853 2885 869 2925 a
891 2864 1028 2926 discreto
1046 2866 1115 2926 viro
1141 2865 1274 2926 domino
1292 2863 1460 2926 Clemente
1479 2881 1545 2924 ma·

284 2970 383 3051 gistto
408 2971 575 3052 hospitalis
606 2971 828 3032 commissario
853 2972 989 3033 condam
1015 2972 1128 3033 Briccii
1161 2971 1277 3032 literati
1302 2971 1380 3032 olim
1405 2970 1545 3032 concivis

289 3077 386 3138 nostri
412 3075 470 3138 filii
496 3076 624 3162 Mathye
649 3077 688 3138 de
714 3078 790 3138 villa
809 3077 955 3139 Matheus
988 3080 1018 3140 in
1049 3079 1212 3161 provincia
1240 3099 1296 3140 seu
1320 3093 1400 3139 terta
1419 3077 1547 3156 Rathes,

285 3183 432 3244 similiter
448 3183 627 3265 empcionis
643 3183 737 3244 titulo
752 3183 926 3246 literatorie
940 3199 1198 3264 concernentem,
1217 3205 1289 3246 cum
1307 3185 1458 3247 omnibus
1475 3200 1546 3262 etc.,

289 3290 455 3351 Demetrio
480 3289 546 3350 lilio
571 3289 734 3351 Franczek
751 3289 818 3352 filio
836 3291 973 3352 condam
991 3291 1154 3352 Valentini
1180 3291 1389 3374 Dragcheych
1414 3290 1452 3352 de
1469 3291 1545 3352 villa

288 3397 420 3458 Raboch
446 3410 480 3458 ut
504 3396 566 3478 jam
592 3415 678 3458 novo
699 3399 823 3458 concivi
850 3411 959 3459 nostro
977 3419 1012 3459 ac
1038 3419 1092 3478 per
1117 3419 1190 3458 eum
1207 3399 1273 3460 suis
1297 3397 1469 3459 heredibus
1487 3417 1545 3479 pro

287 3503 398 3564 decem
423 3517 454 3563 et
471 3523 588 3564 novem
614 3502 682 3565 flor.
701 3504 769 3564 auri
787 3523 842 3586 per
862 3504 1000 3565 eundem
1022 3505 1117 3585 plene
1135 3505 1240 3565 eidem
1266 3505 1397 3566 domine
1415 3504 1544 3586 Magda-

288 3610 359 3669 lene
385 3609 466 3670 datis
491 3623 522 3670 et
539 3608 710 3690 persolutis
727 3610 922 3670 vendidisset
936 3625 965 3670 et
982 3609 1292 3692 quomodocumque
1305 3611 1443 3672 voluerit
1460 3610 1544 3690 juxta

286 3715 511 3777 condicionem
536 3715 697 3797 (civitatis)
729 3731 895 3797 prenotate
927 3717 1236 3798 quomodocumque
1267 3717 1406 3778 voluerit
1438 3717 1544 3799 dispo·

287 3823 436 3884 nendam.

391 3929 489 4002 Quod
513 3941 580 3990 tota
606 3929 820 3989 communitas
853 3929 971 3990 civium
1005 3943 1064 3990 etc.
1100 3927 1256 4011 Dyonisio
1284 3927 1433 4009 Vodopie
1458 3925 1544 3986 dicto

287 4033 355 4095 filio
381 4035 464 4096 Petri
489 4035 528 4096 ad
553 4054 644 4096 suam
675 4035 869 4116 peticionem
903 4035 1119 4097 humillimam
1151 4033 1313 4116 quandam
1346 4047 1463 4095 terram
1488 4051 1544 4092 no-

286 4155 382 4201 stram
407 4142 519 4202 subtus
542 4159 669 4202 murum
703 4141 786 4202 dicte
818 4141 1071 4204 civitatis·extra
1097 4143 1220 4202 Novam
1254 4153 1379 4222 portam
1404 4137 1544 4199 habitam

286 4261 317 4306 et
349 4247 536 4308 existentem
569 4247 608 4306 ad
634 4246 788 4328 (h)ortum
813 4248 1048 4329 preparandum
1077 4261 1202 4328 aptam,
1235 4246 1435 4327 septuaginta
1467 4265 1544 4326 qua-

286 4365 358 4412 tuor
383 4353 510 4414 brachia
536 4351 647 4431 ferrea,
672 4373 744 4414 curn
770 4373 835 4435 quo
867 4355 965 4435 panni
995 4369 1229 4432 mensurantur,
1261 4354 1291 4413 in
1317 4352 1487 4414 latitudine
1512 4352 1543 4413 in

286 4458 491 4539 longitudine
515 4479 591 4520 vero
616 4460 828 4542 quadraginta
846 4474 985 4541 quatuor
1009 4460 1154 4520 similiter
1171 4459 1300 4520 brachia
1318 4459 1414 4539 vulgo
1438 4457 1545 4520 laketh

286 4565 369 4627 dicta
394 4565 426 4626 in
451 4585 483 4626 se
508 4567 737 4644 continentem,
761 4567 820 4626 sub
845 4585 942 4626 censu
960 4565 1237 4631 infradeclarando
1257 4566 1361 4626 eidem
1387 4565 1544 4646 Dyonisio

286 4671 435 4753 Vodopie
459 4687 490 4733 et
514 4673 582 4733 eius
606 4673 778 4734 heredibus
802 4672 961 4750 dedimus,
987 4671 1178 4732 donavimus
1203 4686 1233 4731 et
1258 4671 1452 4731 contulimus
1476 4669 1543 4750 jure

286 4793 442 4860 perpetuo
474 4780 645 4840 tenendam
679 4793 709 4840 et
741 4780 1048 4860 quomodocumque
1081 4778 1218 4838 voluerit
1250 4775 1484 4857 disponendam
1502 4777 1543 4837 ita

286 4899 404 4962 tamen,
429 4885 516 4965 quod
535 4885 600 4966 ipse
619 4901 650 4946 et
673 4885 721 4945 sui
740 4886 843 4945 cuncti
862 4905 1059 4945 successores
1077 4885 1115 4944 de
1134 4883 1249 4945 eodem
1267 4883 1385 4964 (hlorto
1410 4883 1544 4964 singulis

285 4991 377 5051 annis
400 4991 563 5074 perpetuis
581 4989 695 5053 futuris
711 4992 910 5073 temporibus
928 4990 1114 5072 quindecim
1143 4990 1292 5052 denarios
1315 5009 1373 5073 pro
1398 5005 1542 5072 tempore
