3832 5804
770 573 857 630 Anno
879 583 969 650 1453·
1442 594 1498 656 ¹45

238 783 400 861 juniorum
437 783 637 844 uterinorum
662 798 693 846 et
717 782 895 846 carnalium
919 785 1074 867 personis,
1109 804 1204 846 omne
1229 806 1311 848 onus
1335 800 1366 849 et
1388 807 1501 868 grava-

237 909 310 948 men
336 888 525 950 eorumdem
549 887 683 951 fratrum
701 910 832 951 suorum
854 889 885 952 in
910 911 942 952 se
961 892 1065 972 ipsum
1083 906 1198 972 sponte
1216 912 1271 973 per
1287 893 1396 955 omnia
1415 914 1500 956 assu-

236 994 365 1072 mendo,
390 995 552 1074 quandam
577 1009 700 1077 partem
726 994 817 1057 fundi
842 1015 977 1058 vacuam
1002 1017 1060 1079 pro
1086 997 1203 1059 cloacis
1227 1011 1332 1081 aptam
1358 999 1389 1060 in
1415 1000 1499 1062 dicta

237 1101 362 1162 civitate
387 1101 470 1163 inter
494 1102 593 1163 alium
623 1099 760 1164 fundum
786 1115 817 1164 et
848 1103 983 1164 domurn
1015 1117 1080 1164 tarn
1102 1123 1192 1164 suam
1226 1124 1322 1186 quam
1357 1105 1500 1187 ipsorum

237 1207 368 1268 fratrum
393 1227 537 1286 suorum,
561 1229 578 1269 a
603 1209 842 1290 septemtrione,
868 1223 898 1272 et
923 1210 1004 1271 inter
1033 1230 1068 1270 ac
1093 1223 1176 1272 retro
1201 1209 1318 1273 fundos
1335 1225 1365 1273 et
1383 1211 1499 1274 domos

236 1315 346 1376 Jacobi
371 1314 486 1396 judicis
511 1315 586 1376 dicti
614 1315 778 1398 Eberspelt
802 1330 967 1397 tamquam
997 1317 1155 1399 propriori
1177 1317 1283 1380 vicino
1309 1337 1420 1380 eorum
1441 1339 1499 1402 pro

237 1439 301 1482 utto
327 1435 357 1482 et
381 1421 489 1482 medio
513 1421 581 1484 flor.
617 1421 685 1482 auri
718 1421 864 1482 vendidit
896 1437 1052 1505 perpetuo
1084 1423 1312 1505 possidendam
1336 1439 1367 1487 et
1390 1445 1499 1508 super·

237 1526 312 1588 inde
329 1527 387 1609 ipsi
413 1527 512 1609 judici
530 1541 577 1589 est
593 1527 684 1588 litera
701 1530 760 1589 sub
778 1528 931 1610 pendenti
953 1529 1061 1610 sigillo
1078 1530 1319 1592 communitatis
1342 1547 1498 1594 emanata.

342 1634 419 1695 Item
444 1634 592 1695 Vrbanus
616 1631 701 1695 filius
725 1635 863 1696 condam
887 1635 1012 1696 Nicolai
1038 1633 1094 1696 filii
1120 1636 1267 1698 similiter
1290 1637 1416 1699 Nicolai
1442 1639 1499 1700 Pe-

235 1740 379 1824 trenych,
405 1741 567 1822 quandam
593 1741 720 1802 vineam
745 1761 835 1803 suam
861 1743 892 1802 itt
911 1743 1072 1804 territorio
1101 1743 1237 1804 civitatis
1261 1745 1401 1825 predicte
1418 1745 1500 1806 inter

235 1846 344 1907 vineas
368 1846 627 1929 Prekryssnyalty
664 1861 792 1909 vocatas
816 1847 945 1909 Thome
980 1847 1019 1910 de
1043 1848 1176 1933 Dedych
1202 1863 1232 1910 et
1258 1847 1391 1931 Georgii
1416 1851 1497 1930 agri·

236 1952 304 2013 cole
329 1952 482 2031 habitam,
507 1973 524 2014 a
548 1954 599 2014 via
624 1954 789 2014 communi
806 1954 944 2036 desuper
969 1969 999 2016 et
1023 1953 1104 2016 infra
1122 1975 1223 2038 usque
1246 1969 1363 2017 terram
1388 1969 1495 2018 nostre

237 2045 475 2121 communitatis
509 2059 651 2122 habitam
685 2080 717 2122 se
750 2061 987 2139 extendentem,
1021 2061 1187 2124 Demetrio
1220 2060 1287 2123 filio
1320 2063 1434 2124 Briccii
1458 2063 1497 2125 de

237 2166 400 2227 Kralewcz
425 2166 549 2228 concivi
575 2181 685 2228 nostro
722 2187 779 2247 pro
803 2166 958 2246 tredecim
983 2169 1051 2231 flor.
1086 2169 1155 2230 auri
1180 2188 1217 2230 ex
1240 2188 1397 2230 consensu
1421 2170 1494 2232 vici·

236 2290 350 2332 norum
375 2285 406 2332 et
428 2272 527 2333 Lucia
552 2291 608 2333 sue
631 2273 738 2333 uxoris
755 2273 900 2334 vendidit
916 2287 1073 2355 perpetuo
1090 2274 1316 2355 possidendam
1335 2289 1365 2335 et
1388 2294 1497 2357 super·

238 2378 311 2438 inde
336 2377 397 2438 sibi
425 2393 472 2440 est
496 2379 586 2440 litera
611 2380 670 2439 sub
694 2379 848 2460 pendenti
873 2380 979 2460 sigillo
1004 2381 1243 2442 communitatis
1267 2397 1423 2444 emanata.

340 2482 416 2544 Item
444 2484 542 2566 Elyas
560 2485 680 2545 iudeus
704 2484 789 2546 filius
807 2486 958 2567 Symonis
980 2487 1174 2550 inhabitator
1190 2487 1326 2549 civitatis
1342 2489 1495 2570 predicte,

233 2589 409 2671 predictam
435 2592 563 2652 vineam
587 2591 725 2652 vicinam
744 2593 842 2674 ipsius
864 2592 997 2675 Georgii
1015 2595 1155 2675 agricole
1181 2593 1303 2676 prefato
1329 2594 1494 2657 Demetrio

234 2694 302 2756 filio
327 2697 426 2777 ipsius
450 2697 566 2758 Briccii
591 2697 630 2758 de
656 2697 739 2759 dicta
766 2699 931 2761 Kralewcz
963 2719 1021 2782 pro
1052 2701 1191 2762 sedecim
1217 2702 1324 2784 pensis
1348 2703 1495 2766 denario·

235 2821 304 2862 rum
329 2803 476 2864 vendidit
499 2817 656 2885 perpetuo
681 2804 907 2885 possidendam
933 2819 964 2866 et
980 2807 1152 2888 superinde
1176 2809 1236 2869 sibi
1262 2824 1308 2871 est
1328 2809 1419 2872 litera
1436 2812 1495 2872 sub

233 2907 385 2990 pendenti
419 2910 526 2988 sigillo
551 2911 792 2972 communitatis
816 2929 971 2974 emanata.

340 3014 417 3076 ltem
442 3015 561 3076 Paulus
578 3013 663 3077 filius
687 3017 824 3078 condam
844 3017 925 3079 Petri
952 3019 1027 3080 dicti
1046 3018 1201 3081 Pentheta
1217 3020 1247 3082 in
1273 3041 1330 3082 sua
1354 3041 1390 3082 ac
1408 3020 1495 3084 Galli

234 3133 264 3181 et
287 3120 451 3182 Valentini
476 3141 512 3182 ac
537 3120 704 3183 Michaelis
728 3121 869 3184 filiorum
894 3124 1038 3185 eiusdem
1056 3126 1192 3186 condam
1212 3127 1294 3188 Petri
1320 3127 1395 3188 dicti
1414 3129 1495 3190 Pen-

232 3225 321 3288 thera
346 3225 478 3288 fratrum
503 3247 579 3290 vero
604 3248 735 3290 suorum
766 3229 928 3310 juniorum
958 3232 1157 3293 uterinorum
1175 3247 1206 3295 et
1230 3235 1405 3296 carnalium
1424 3256 1494 3318 per-

233 3333 330 3412 sonis,
363 3335 526 3415 quandam
559 3335 672 3396 silvam
705 3355 816 3397 eorum
850 3337 1107 3399 condicionalem
1139 3337 1170 3398 in
1204 3339 1366 3402 vicinitate
1401 3343 1492 3404 vinee

234 3438 468 3501 condicionalis
493 3439 642 3522 Gregorii
668 3441 849 3526 Jagychych
882 3457 912 3505 et
944 3443 1022 3505 silve
1047 3444 1146 3506 libere
1180 3446 1324 3508 eiusdem
1349 3447 1439 3509 Pauli
1463 3463 1495 3511 et

234 3543 392 3606 dictorum
418 3545 550 3607 fratrum
576 3567 707 3608 suorum
727 3547 879 3628 habitam,
897 3550 1041 3630 predicto
1060 3549 1218 3633 Gregorio
1243 3553 1418 3638 Agychych
1435 3575 1493 3637 pto

234 3652 377 3733 quinque
403 3652 470 3716 flor.
497 3655 564 3715 auri
586 3655 733 3717 vendidit
750 3671 904 3739 perpetuo
922 3659 1160 3740 possidendam,
1178 3660 1216 3720 de
1234 3679 1297 3741 qua
1321 3662 1400 3723 silva
1419 3683 1494 3725 cort-

234 3758 385 3819 dicionali
404 3759 537 3822 medius
553 3762 690 3822 eubulus
713 3763 753 3823 ad
778 3763 934 3846 Vesperas
951 3763 1129 3828 festivitatis
1154 3767 1237 3828 beati
1264 3769 1361 3830 Marci
1388 3790 1492 3831 ewan-

233 3865 345 3944 geliste
371 3866 438 3926 dari
464 3865 560 3927 debet
584 3869 761 3948 annuatim,
784 3883 814 3930 et
846 3871 1017 3952 superinde
1050 3887 1095 3933 est
1127 3873 1216 3934 litera
1250 3875 1308 3934 sub
1341 3875 1493 3956 pendenti

173 3978 181 4000 ⁸
232 3971 339 4052 sigillo
364 3973 604 4034 communitatis
627 3989 784 4038 emanata.

338 4077 415 4138 ltem
441 4079 596 4140 Martinus
620 4079 715 4161 judex
740 4083 977 4144 commissarius
994 4085 1175 4146 testamenti
1192 4086 1330 4147 verbalis
1355 4087 1493 4149 condam

233 4183 366 4244 domine
391 4185 491 4246 Elene
516 4187 608 4247 aliter
626 4186 757 4270 Gurgya
775 4204 886 4251 vocate
904 4190 1011 4251 relicte
1042 4191 1177 4252 condam
1196 4191 1325 4254 Thome
1346 4194 1493 4276 Konych,

232 4289 437 4352 medietatem
463 4292 590 4372 domus,
615 4292 706 4355 fundi
732 4309 763 4357 et
787 4297 894 4358 celarii
928 4297 1125 4358 subterranei
1151 4317 1187 4358 ac
1212 4297 1435 4360 hedificiorum
1461 4299 1493 4360 itt

232 4395 315 4457 dicta
340 4397 467 4458 civitate
493 4399 524 4459 in
549 4401 713 4462 vicinitate
730 4401 902 4463 domorum
921 4417 951 4466 et
973 4401 1146 4465 fundorum
1166 4403 1328 4465 Dominici
1354 4405 1493 4486 agricole

233 4523 268 4563 ac
293 4503 427 4564 Fabiani
455 4507 585 4567 sartoris
598 4505 717 4586 habite,
731 4509 869 4570 mediam
885 4511 1006 4570 curiam
1021 4511 1052 4570 in
1067 4531 1099 4571 se
1117 4510 1346 4589 continentem,
1365 4511 1494 4593 Mathye

232 4607 371 4670 carnifici
403 4608 470 4671 filio
504 4610 682 4674 Clementis
714 4634 771 4696 pro
804 4616 943 4696 quadam
975 4630 1058 4677 terra
1089 4637 1144 4677 sua
1178 4617 1290 4678 arabili
1323 4617 1355 4677 in
1380 4635 1494 4698 campo

232 4715 368 4776 civitatis
391 4714 498 4779 habita
524 4738 559 4779 ac
584 4738 642 4800 pro
667 4719 887 4783 additamento
912 4722 1026 4802 viginti
1059 4735 1132 4784 octo
1158 4722 1227 4785 flor.
1252 4722 1321 4784 auri
1345 4741 1492 4783 concam·

232 4821 357 4884 bialiter
380 4825 568 4886 auctoritate
593 4826 810 4888 commissaria
836 4827 925 4890 dedit
949 4843 1104 4910 perpetuo
1138 4829 1377 4910 possidendam.

336 4928 415 4990 ltem
450 4931 581 4993 domina
619 4933 811 5013 Magdalena
847 4935 956 4996 relicta
992 4935 1129 4996 condam
1162 4936 1296 5013 Janselt,
1329 4935 1492 5015 quendam

237 5033 391 5118 (h)ortum
416 5057 511 5099 suum
536 5052 620 5101 retro
645 5059 772 5102 murum
799 5041 934 5103 civitatis
958 5041 989 5102 in
1015 5043 1175 5104 vicinitate
1197 5041 1304 5125 (h)orti
1330 5041 1496 5104 Michaelis

1381 5149 1418 5193 10
