3840 5810
406 551 445 612 14
921 530 1123 607 Anno1442.

407 761 440 806 ut
466 745 582 806 dicitur
606 742 707 803 dietas
732 757 812 804 terre
839 744 869 804 in
895 763 928 804 se
961 743 1140 820 continens,
1171 760 1243 803 curn
1269 740 1334 800 suis
1365 739 1571 822 pertinenciis
1606 739 1665 799 do-

405 852 490 912 mine
519 850 692 912 Scolastice
717 849 809 911 aliter
841 851 940 911 Ztana
973 865 1084 910 vocate
1120 849 1228 910 relicte
1261 848 1360 929 ipsius
1395 846 1542 928 Gregorii
1568 845 1662 926 jurati

403 978 489 1020 nunc
512 957 651 1018 consorti
677 956 833 1038 legittime
866 956 995 1018 Andree
1027 956 1132 1016 Latini
1159 968 1205 1017 est
1236 955 1479 1037 privilegialiter
1502 954 1561 1016 sub
1586 972 1663 1035 pen-

404 1064 491 1125 denti
516 1063 623 1144 sigillo
648 1062 888 1124 communitatis
913 1060 1098 1124 confirmata
1124 1074 1155 1122 et
1179 1074 1376 1143 perpetuata.

511 1171 589 1231 ltem
615 1170 737 1252 Stoylro
771 1168 856 1230 filius
881 1170 995 1246 Kurse,
1027 1167 1169 1230 concivis
1193 1181 1312 1246 noster,
1343 1167 1505 1248 quandam
1540 1165 1666 1226 vineam

405 1295 495 1337 suam
521 1277 552 1336 in
577 1275 737 1336 territorio
763 1289 874 1337 nostro
892 1275 974 1336 inter
998 1275 1108 1336 vineas
1125 1276 1264 1336 desertas
1292 1294 1348 1334 seu
1372 1273 1467 1334 silvas
1492 1273 1667 1334 liberorum

404 1383 542 1446 condam
568 1378 745 1444 Sebastiani
772 1381 926 1444 Zedinich
951 1395 982 1443 et
1006 1381 1181 1442 liberorum
1204 1379 1345 1442 filiorum
1370 1381 1508 1442 condam
1534 1379 1668 1462 Chupor

403 1510 439 1551 ac
464 1489 635 1550 intervias
660 1507 849 1550 communes
870 1487 1024 1565 habitam,
1049 1487 1072 1548 F
1077 1487 1212 1548 riderico
1230 1487 1321 1548 aliter
1346 1487 1445 1569 Frycz
1471 1499 1584 1548 vocato
1614 1505 1668 1565 ge·

404 1616 481 1656 nero
506 1616 564 1657 suo
589 1609 620 1657 et
646 1595 822 1679 Elyzabeth
845 1593 910 1656 filie
947 1615 1002 1656 sue
1033 1595 1171 1656 consorti
1205 1594 1362 1675 legittime
1387 1594 1531 1656 eiusdem
1556 1593 1666 1654 Fride-

403 1704 459 1764 rici
483 1704 575 1764 aliter
600 1703 700 1784 Frycz
724 1702 827 1764 vocati
854 1702 986 1764 donavit
1008 1717 1165 1783 perpetuo
1197 1701 1423 1782 possidendam
1448 1715 1479 1760 et
1495 1699 1667 1783 superinde

404 1823 450 1871 est
473 1809 564 1871 litera
589 1810 647 1870 sub
674 1808 825 1889 pendenti
851 1808 960 1888 sigillo
985 1808 1226 1870 communitatis
1242 1807 1485 1889 privilegialiter
1509 1819 1668 1868 emanata.

425 2005 437 2019 .
468 2047 548 2116 ltetn
579 2049 609 2116 in
641 2047 725 2116 sesto
756 2045 1010 2117 Purificacionis
1039 2047 1135 2118 beate
1164 2066 1295 2134 semper
1323 2043 1465 2134 virginis
1495 2045 1609 2115 llarie.

911 2211 951 2274 (2.
969 2201 1143 2276 februarii).

512 2341 588 2402 ltem
614 2339 746 2400 domina
773 2340 973 2422 Margaretlra
996 2341 1104 2403 relicta
1128 2343 1264 2404 condam
1286 2342 1396 2404 Briccii
1424 2341 1537 2422 judicis
1562 2354 1592 2401 et
1617 2341 1669 2400 Jo-

409 2446 530 2508 hannes
554 2446 649 2527 judex
673 2445 759 2506 filius
782 2447 927 2507 eiusdem
945 2447 1076 2508 domine
1101 2449 1299 2529 Margarethe
1335 2449 1538 2510 medietatem
1566 2448 1668 2509 cuius-

408 2553 480 2614 dam
507 2552 634 2631 domus,
659 2551 750 2614 fundi
776 2566 807 2614 et
830 2553 1054 2615 hedificiotum
1080 2556 1111 2616 itt
1137 2556 1220 2617 dicta
1246 2556 1371 2616 civitate
1397 2556 1479 2617 inter
1504 2553 1622 2615 lundos
1639 2567 1670 2615 et

410 2660 524 2720 domos
548 2659 758 2720 discretorum
777 2659 919 2720 virorum
938 2661 1144 2722 dominorum
1164 2662 1341 2724 Clementis
1368 2675 1398 2721 et
1416 2661 1568 2744 Symonis
1585 2679 1670 2742 pres-

408 2767 596 2842 biterorum,
621 2787 658 2826 ae
674 2767 849 2828 liberorum
876 2767 1011 2827 condam
1032 2767 1192 2829 Francisci
1217 2769 1323 2830 claudi
1347 2768 1456 2830 habite
1481 2782 1511 2828 et
1535 2769 1670 2828 eristen-

353 2870 356 2876 ’
407 2874 458 2952 tis,
485 2893 580 2934 unam
606 2886 752 2954 quartam
778 2873 863 2933 curie
891 2873 980 2934 inse
1012 2875 1243 2952 continentem,
1267 2895 1340 2936 curn
1365 2875 1431 2935 suis
1466 2874 1671 2955 pertinenciis

408 2981 580 3042 Valentino
605 2978 672 3041 lilio
698 2979 851 3061 Stephani
869 2981 1027 3040 tributarii
1046 2981 1142 3041 aliam
1167 2981 1373 3043 medietatem
1393 2981 1535 3042 eiusdem
1555 2980 1670 3040 domus

408 3103 437 3149 et
455 3088 544 3149 fundi
563 3109 599 3148 ac
624 3085 846 3148 hedificiorum
877 3087 1052 3168 possidenti
1079 3086 1223 3149 vendidit
1248 3103 1404 3170 perpetuo
1428 3085 1668 3168 possidendam.

515 3195 593 3256 ltem
612 3194 712 3254 Elena
737 3193 846 3253 relicta
864 3207 894 3254 et
912 3193 1036 3274 Agatha
1054 3191 1120 3254 filia
1145 3196 1283 3256 condam
1303 3194 1467 3256 Benedicti
1486 3191 1671 3274 Wenthych

411 3316 441 3362 et
466 3301 598 3382 provida
636 3301 751 3360 mulier
777 3301 876 3360 Elena
912 3300 1020 3361 relicta
1053 3301 1189 3362 condam
1221 3303 1304 3363 Petri
1338 3301 1499 3382 quandam
1525 3301 1672 3376 domum,

413 3407 547 3468 fundum
574 3421 604 3466 et
628 3405 774 3467 hedificia
800 3426 909 3466 earum
936 3406 966 3466 iu
993 3407 1075 3468 dicta
1100 3407 1227 3469 civitate
1256 3409 1337 3470 inter
1362 3409 1476 3468 domos
1501 3421 1532 3468 et
1555 3405 1673 3467 fundos

409 3514 584 3574 liberorum
618 3513 755 3572 condam
789 3511 918 3594 Mathye
951 3513 1130 3595 Pylruthich
1163 3527 1194 3575 et
1226 3515 1345 3576 Vrbani
1377 3515 1493 3576 literati
1519 3512 1672 3590 habitam,

409 3619 548 3681 mediam
567 3621 686 3681 curiam
703 3621 780 3680 inse
798 3621 1027 3697 continentem,
1042 3621 1207 3682 Anthonio
1222 3620 1289 3682 filio
1307 3623 1388 3682 Petri
1404 3621 1479 3682 dicti
1499 3620 1672 3696 Czuczlen‚

409 3746 494 3786 novo
519 3727 642 3787 concivi
669 3739 789 3802 nostro,
808 3741 838 3787 et
861 3747 918 3807 per
942 3746 1016 3786 eum
1041 3726 1177 3788 Nicolao
1195 3725 1263 3788 filio
1285 3747 1343 3787 suo
1369 3741 1403 3787 ut
1426 3725 1673 3806 consanguineis

410 3853 517 3895 earum
553 3833 766 3894 vendiderunt
787 3847 953 3914 ‘perpetuo
987 3833 1212 3914 possidendam
1249 3847 1280 3894 et
1312 3833 1484 3914 superinde
1509 3846 1556 3894 est
1581 3834 1671 3893 litera

410 3941 468 4000 sub
494 3939 646 4020 pendenti
672 3939 779 4019 sigillo
804 3941 1043 4000 communitatis
1076 3941 1317 4020 privilegialiter
1340 3953 1497 4002 emanata.

514 4045 591 4105 ltem
619 4045 806 4106 Leonardus
838 4044 921 4106 filius
948 4046 1076 4106 Henrici
1112 4047 1151 4106 de
1184 4047 1349 4130 Batvarya‚
1374 4046 1504 4125 juratus,
1529 4046 1672 4106 concivis

410 4165 526 4228 noster,
551 4151 713 4231 quandam
738 4164 854 4212 terram
880 4172 969 4212 suam
995 4152 1148 4212 arabilem
1175 4153 1204 4212 in
1232 4173 1345 4235 campo
1369 4153 1506 4214 civitatis
1530 4152 1672 4234 predicte

409 4278 508 4339 prope
533 4258 707 4319 claustrum
731 4259 830 4318 sancti
857 4259 980 4320 Nicolai
1005 4258 1196 4320 confessoris
1222 4260 1387 4321 intervias
1412 4279 1601 4320 communes
1618 4259 1672 4320 ha-

410 4365 519 4442 bitam,
538 4378 676 4445 quatuor
700 4365 801 4425 dietas
817 4378 899 4426 terre
925 4365 1006 4426 inse
1030 4366 1261 4445 continentem,
1281 4367 1403 4426 Briccio
1432 4365 1501 4427 filio
1518 4365 1674 4426 iohannis

410 4470 532 4551 pridem
568 4470 670 4543 iurato
714 4471 904 4551 concivique
938 4485 1065 4550 nostro,
1098 4493 1155 4553 pro
1179 4473 1309 4552 triginta
1342 4473 1469 4534 duobus
1501 4472 1569 4534 flor.
1604 4473 1671 4533 auri

410 4576 555 4637 vendidit
578 4590 734 4658 perpetuo
758 4577 985 4657 possidendam
1010 4593 1040 4638 et
1062 4578 1233 4660 superinde
1260 4592 1305 4641 est
1330 4579 1417 4640 liters
1433 4581 1492 4640 sub
1518 4579 1671 4660 pendenti

409 4683 516 4763 sigillo
542 4683 781 4746 communitatis
805 4683 1047 4764 privilegialiter
1071 4697 1227 4748 emanata.

517 4789 595 4850 Item
630 4789 798 4869 religiosus
821 4789 870 4849 vir
901 4789 995 4850 frater
1023 4789 1185 4851 lohannes
1216 4792 1393 4852 monachus
1425 4790 1510 4852 filius
1535 4791 1672 4852 condam

411 4895 565 4956 Anthonii
592 4897 707 4957 sutoris
732 4910 762 4956 et
779 4895 911 4977 provida
937 4898 1053 4957 mulier
1071 4897 1194 4978 Agatha
1212 4899 1322 4959 relicta
1345 4899 1477 4979 predicti
1504 4898 1673 4976 Anthonii,

410 5015 511 5062 mater
537 5002 636 5083 ipsius
660 5002 763 5063 fratris
788 5002 952 5081 lobannis,
978 5005 1139 5084 quandam
1173 5004 1307 5065 domum
1332 5024 1443 5065 eorum
1471 5023 1543 5064 cum
1569 5003 1672 5064 lundo
