3816 5802
417 605 454 665 52
936 589 1021 644 Anno
1044 597 1134 664 1445.

414 693 519 700 —n—-a
1214 691 1292 698 ·—·-·-·

413 810 503 859 cutor
526 797 707 859 testamenti
733 796 870 858 verbalis
894 797 1031 858 condam
1058 797 1233 858 Katherine
1258 795 1401 857 mulieris
1425 797 1582 858 consortis
1605 815 1674 873 sue,

413 902 574 986 quandam
601 918 722 986 partem
753 903 908 983 majorem
943 903 1109 964 cuiusdam
1143 904 1237 965 vinee
1269 903 1412 964 eiusdem
1446 901 1619 964 Katherine
1642 903 1677 963 in

336 991 341 1002 ⁸
413 1012 572 1072 territorio
598 1011 734 1073 civitatis
758 1030 857 1092 prope
879 1009 1000 1072 iontem
1027 1010 1130 1093 llycza
1162 1024 1308 1072 vocatum
1335 1011 1366 1070 in
1392 1010 1553 1072 vicinitate
1581 1010 1674 1070 vinee

413 1119 588 1180 liberorum
615 1119 753 1180 condam
778 1117 930 1202 Symoois
963 1117 1002 1178 de
1027 1117 1173 1196 Raboch,
1197 1137 1253 1199 per
1284 1119 1387 1178 aciem
1411 1118 1531 1178 montis
1565 1135 1675 1178 ame·

412 1225 492 1286 ridie
517 1244 612 1307 supra
636 1225 744 1286 eundo
767 1223 853 1306 juxta
878 1224 1040 1306 quandam
1071 1225 1220 1286 arborem
1246 1223 1305 1306 piri
1323 1224 1422 1306 vulgo
1445 1225 1540 1306 tepka
1564 1236 1678 1284 vocate

413 1332 444 1392 in
470 1332 583 1394 eadem
616 1332 711 1392 vinea
743 1331 842 1414 ipsius
873 1330 1012 1392 condam
1045 1329 1220 1392 Katherine
1252 1330 1397 1392 mulieris
1427 1329 1613 1391 existentem
1646 1343 1680 1390 et

411 1437 497 1518 juxta
522 1439 649 1499 vineam
674 1437 829 1499 Anthonii
855 1437 931 1498 dicti
956 1437 1064 1498 Kolrol
1087 1456 1143 1519 per
1160 1437 1323 1519 quandam
1348 1437 1495 1497 arborem
1513 1435 1601 1518 pomi
1620 1437 1678 1518 ky-

412 1545 524 1628 zelyna
549 1558 708 1623 vocatam,
724 1544 822 1606 simul
841 1563 914 1604 cum
932 1543 1071 1624 quadam
1089 1557 1171 1604 terra
1189 1543 1301 1604 arabili
1318 1543 1431 1605 subtus
1451 1542 1563 1604 eadem
1582 1542 1676 1603 vinea

412 1652 538 1730 situata,
563 1649 644 1712 inira
669 1669 771 1732 usque
795 1650 879 1710 viam
898 1649 1060 1731 publicam
1085 1669 1117 1710 se
1142 1648 1353 1726 extendentis,
1377 1668 1449 1710 cum
1467 1649 1532 1709 suis
1556 1647 1679 1709 utilita-

411 1758 497 1819 tibus
521 1771 552 1818 et
575 1756 781 1838 pertinenciis
804 1755 962 1818 universis
994 1755 1135 1835 Andree,
1159 1753 1318 1836 Gregorio
1342 1769 1373 1816 et
1409 1754 1570 1817 Clementi
1603 1753 1678 1815 filiis

412 1861 526 1946 prefati
551 1863 702 1946 Symoois
727 1882 784 1944 pro
808 1861 922 1942 viginti
947 1875 978 1923 et
1009 1862 1118 1923 medio
1151 1861 1219 1924 flor.
1253 1861 1321 1922 auri
1352 1860 1497 1922 vendidit
1521 1873 1678 1943 perpetuo

412 1969 640 2052 possidendam
680 1983 711 2030 et
745 1967 916 2051 superinde
956 1982 1004 2030 est
1035 1968 1125 2030 litera
1161 1969 1220 2030 sub
1263 1967 1416 2049 pendenti
1446 1967 1553 2048 sigillo
1588 1985 1677 2028 com·

414 2075 579 2138 munitatis
603 2088 759 2137 emanata.

519 2200 596 2261 lrem
621 2199 832 2261 commissarii
858 2212 889 2261 et
913 2213 1099 2261 executores
1122 2199 1228 2260 ultimi
1245 2199 1427 2260 testamenti
1452 2198 1589 2260 condam
1607 2203 1674 2259 An-

414 2305 516 2368 thonii
541 2306 713 2388 arcuparis,
746 2307 951 2368 medietatem
986 2305 1152 2366 cuiusdam
1182 2305 1291 2388 (hlorti
1324 2307 1424 2388 ipsius
1447 2305 1583 2366 condam
1609 2310 1677 2366 An·

412 2412 515 2474 thonii
541 2413 703 2495 arcuparis
726 2413 758 2474 in
781 2413 942 2474 territorio
960 2427 1070 2474 nostro
1087 2413 1169 2474 inter
1184 2411 1320 2494 (h)ortos
1336 2412 1511 2474 liberorum
1538 2411 1676 2473 condam

413 2519 503 2582 Pauli
528 2520 657 2581 sartoris
681 2535 712 2581 et
742 2519 917 2580 liberorum
950 2519 1088 2581 condam
1120 2519 1254 2580 Fabiani
1284 2517 1490 2602 Kuskowych
1525 2539 1560 2580 ac
1584 2538 1677 2580 secus

412 2626 496 2686 viam
513 2645 720 2687 communem
738 2625 849 2704 habiti,
868 2645 884 2686 a
902 2640 990 2706 parte
1008 2625 1198 2687 occidentali
1216 2625 1357 2687 habitam
1376 2639 1406 2686 et
1423 2625 1583 2704 situatam,
1600 2644 1674 2686 cum

412 2731 477 2794 suis
501 2731 729 2814 (pertinenciis)
766 2730 894 2793 Thome
931 2730 1082 2814 frenipari
1118 2729 1185 2793 filio
1222 2731 1350 2794 andree
1382 2731 1539 2794 moderno
1571 2731 1677 2812 jurato

413 2851 521 2901 nostro
552 2857 611 2920 pro
648 2839 792 2920 quinque
828 2857 901 2899 cum
935 2838 1044 2900 medio
1079 2837 1147 2899 flor.
1180 2838 1248 2899 auri
1281 2837 1496 2900 vendiderunt
1519 2852 1677 2920 perpetuo

412 2944 650 3026 possidendam.

518 3069 595 3131 ltem
621 3069 808 3131 Franciscus
825 3071 928 3132 dictus
954 3071 1057 3133 Frane
1075 3071 1314 3133 molendinator
1341 3069 1426 3133 filius
1450 3070 1587 3153 Mylrech
1605 3091 1677 3132 mo·

413 3176 634 3253 lendinatoris,
659 3177 821 3257 quandam
839 3177 973 3238 domurn
991 3197 1080 3238 suam
1099 3196 1171 3238 cum
1197 3174 1300 3239 fundo
1317 3191 1348 3238 et
1363 3176 1521 3239 hedificiis
1538 3178 1569 3238 in
1589 3177 1674 3238 dicta

412 3283 538 3344 civitate
557 3284 637 3344 inter
663 3283 796 3344 domum
822 3283 950 3344 Thome
974 3285 1104 3345 sartoris
1134 3285 1243 3364 generi
1270 3285 1366 3345 Blasii
1393 3281 1671 3366 Czaranthotvych

412 3403 442 3450 et
465 3390 639 3450 liberorum
665 3390 803 3450 condam
828 3389 981 3472 Stephani
1014 3390 1091 3452 dicti
1118 3389 1395 3474 Herwathychych
1420 3391 1575 3471 habitam,
1600 3410 1674 3452 cum

411 3496 476 3557 suis
512 3495 704 3557 utilitatibus
735 3508 766 3557 et
796 3495 1002 3577 pertinenciis
1035 3497 1190 3557 universis
1225 3494 1321 3558 Gallo
1353 3495 1420 3558 filio
1452 3496 1609 3558 Anthonii
1634 3497 1675 3557 de

411 3601 544 3684 Achyna
568 3615 599 3662 et
623 3621 679 3683 per
703 3621 775 3664 eum
803 3601 902 3662 Elene
927 3603 1066 3663 consorti
1096 3615 1127 3664 et
1152 3601 1296 3683 Georgio
1328 3603 1490 3684 privigno,
1514 3604 1590 3681 suis,
1615 3621 1674 3684 pro

411 3708 511 3769 trihus
543 3707 612 3770 flor.
644 3709 711 3770 auri
745 3708 890 3771 vendidit
920 3723 1077 3792 perpetuo
1109 3709 1337 3792 possidendam
1370 3726 1401 3772 et
1432 3711 1604 3792 superinde
1628 3725 1676 3772 est

411 3814 501 3876 litera
526 3817 585 3876 sub
617 3814 768 3896 pendenti
794 3815 902 3896 sigillo
927 3815 1167 3877 communitatis
1192 3829 1347 3882 emanata.

516 3939 594 4001 Item
620 3937 778 4020 Georgius
810 3939 894 4002 filius
927 3940 1080 4001 Demetrii
1105 3941 1382 4024 Werchelrowych
1414 3956 1446 4004 et
1470 3942 1672 4024 Margaretha

409 4064 465 4105 sua
490 4065 630 4124 consors,
655 4046 818 4126 quandam
843 4047 977 4108 domum
1002 4066 1114 4108 eorum
1139 4047 1171 4108 in
1197 4048 1323 4109 civitate
1342 4049 1483 4130 predicta
1509 4049 1591 4110 inter
1615 4049 1673 4110 do-

409 4169 497 4211 mum
532 4151 711 4213 Clementis
744 4152 898 4214 institoris
931 4167 961 4214 et
994 4153 1128 4214 domum
1162 4153 1294 4215 domine
1326 4154 1488 4216 Dorothee
1521 4154 1673 4234 habitam,

408 4277 504 4317 unam
531 4272 677 4338 quartam
703 4271 733 4318 et
757 4271 903 4319 octavam
921 4259 1007 4320 curie
1033 4259 1063 4320 in
1089 4279 1121 4320 se
1139 4260 1368 4340 continentem,
1385 4261 1491 4323 eidem
1510 4260 1671 4323 Clementi

410 4363 544 4424 institori
571 4383 628 4444 pro
653 4363 794 4445 predicta
820 4365 919 4425 domo
952 4385 1008 4426 sua
1034 4379 1064 4426 et
1096 4385 1153 4446 pro
1179 4365 1400 4428 additamento
1433 4367 1578 4449 quinque
1603 4367 1672 4430 flor.

408 4470 476 4530 auri
502 4470 660 4532 dederunt
684 4485 839 4552 perpetuo
863 4471 1091 4553 possidendam
1121 4485 1151 4533 et
1183 4473 1355 4554 superinde
1381 4473 1487 4535 eidem
1512 4473 1673 4536 Clementi

408 4575 544 4638 institori
571 4591 617 4637 est
637 4577 727 4637 litera
745 4577 803 4637 sub
828 4577 981 4659 pendenti
999 4578 1105 4660 sigillo
1128 4579 1368 4642 communitatis
1393 4595 1549 4643 emanata.

515 4701 592 4761 ltem
626 4701 757 4762 domina
791 4700 953 4763 Dorothea
980 4703 1086 4764 relicta
1118 4703 1255 4765 condam
1291 4704 1430 4766 Ladislai
1456 4704 1495 4767 de
1521 4707 1670 4783 Prezelra,

409 4808 488 4867 duas
512 4821 618 4889 partes
642 4808 808 4868 cuiusdam
834 4810 945 4890 th)orti
963 4811 1011 4870 sui
1037 4811 1119 4871 inter
1137 4811 1288 4893 (hjortum
1316 4811 1478 4874 Valentini
1504 4812 1597 4894 jurati
1616 4812 1671 4874 tilii

409 4914 574 4974 Michaelis
601 4913 764 4996 Saronych
790 4929 819 4974 et
838 4915 991 4996 Stephani
1010 4917 1165 4978 carnificis
1183 4919 1256 4979 dicti
1275 4919 1385 5000 Zayko
1411 4919 1546 4998 habitas,
1564 4919 1668 4980 eidem

409 5019 581 5081 Valentino
607 5019 710 5098 jurato
735 5041 793 5102 pro
818 5023 961 5104 quinque
987 5023 1055 5084 flor.
1081 5025 1148 5084 auri
1173 5039 1202 5084 et
1228 5043 1285 5106 pro
1302 5025 1503 5106 septuaginta
1529 5025 1668 5086 denariis
