3816 5802
251 765 369 827 lundos
386 780 417 827 et
432 763 578 828 hedificia
598 764 693 827 Elasii
712 764 935 828 carnificisfilii
957 767 1053 844 ane,
1066 768 1105 828 ab
1123 765 1301 846 occidente,
1319 783 1349 829 et
1368 767 1516 850 Gregorii

251 892 287 934 ac
300 873 436 934 Fabiani
449 873 490 934 ab
503 872 626 934 oriente
643 871 761 950 habite,
775 872 916 934 mediam
931 873 961 932 in
979 885 1047 934 toto
1072 873 1193 934 curiam
1210 873 1242 934 in
1260 895 1292 934 se
1310 875 1518 954 continentis,

252 999 270 1039 a
295 991 385 1060 parte
408 979 578 1061 posteriori
604 979 757 1058 habitam,
782 998 879 1039 unam
902 978 1129 1040 tantummodo
1153 994 1298 1061 quartam
1324 986 1410 1042 curie
1436 982 1466 1042 in
1485 1001 1518 1042 se

252 1085 485 1163 continentem,
509 1085 595 1146 Luce
621 1084 762 1165 agricole
785 1083 853 1146 filio
878 1084 1002 1146 Nicolai
1034 1105 1092 1166 pro
1117 1085 1257 1166 quadarn
1284 1087 1437 1168 porcione
1461 1107 1518 1149 sua

253 1192 372 1253 vineali
398 1191 430 1252 in
453 1192 616 1254 territorio
641 1191 777 1252 civitatis
798 1190 916 1270 habita,
942 1204 1065 1273 aparte
1088 1192 1181 1253 vinee
1207 1192 1335 1254 Thome
1360 1193 1518 1256 carnificis

254 1297 374 1378 habita,
398 1318 471 1360 cum
495 1297 716 1360 additamento
734 1298 829 1358 unius
852 1296 921 1360 flor.
947 1297 1014 1358 auri
1033 1317 1091 1380 per
1107 1298 1240 1360 modum
1265 1301 1515 1382 permutacionis

252 1419 283 1466 et
307 1404 489 1466 concambii
513 1404 602 1465 dedit
626 1417 782 1486 perpetuo
812 1403 1040 1485 possidendam
1061 1417 1091 1465 et
1108 1405 1281 1487 superinde
1306 1406 1410 1468 eidem
1429 1407 1516 1469 Luce

252 1511 394 1591 agricole
417 1523 464 1572 est
488 1511 578 1572 litera
595 1511 654 1571 sub
679 1508 831 1590 pendenti
856 1509 964 1591 sigillo
990 1511 1230 1572 communitatis
1253 1525 1411 1576 emanata.

386 1747 469 1820 Item
497 1750 530 1818 in
560 1747 646 1818 festo
674 1739 928 1819 Purificacinnis
961 1749 1058 1820 beate
1086 1751 1230 1837 virginis
1260 1747 1373 1821 llarie.

763 1902 806 1976 (2.
834 1901 1005 1978 februaris).

359 2041 436 2103 ltetn
462 2041 611 2103 Vrbsnus
635 2039 719 2103 filius
751 2042 834 2103 Petri
868 2042 907 2104 de
941 2043 1089 2104 Klolroch
1121 2063 1220 2124 gener
1251 2043 1390 2106 condam
1415 2043 1517 2107 Elene

255 2146 400 2208 mulieris
424 2146 533 2208 relicte
556 2146 636 2208 olim
662 2147 815 2229 Stephani
841 2149 917 2210 dicti
947 2147 1104 2227 Pundich‚
1128 2148 1208 2210 alias
1231 2149 1373 2210 concivis
1397 2162 1517 2228 noster,

255 2253 418 2333 quandam
453 2252 586 2314 domurn
619 2272 708 2314 suam
742 2267 899 2316 muratam
932 2254 1029 2316 simul
1061 2273 1134 2316 cum
1166 2253 1284 2316 celario
1308 2257 1515 2318 subterraneo

253 2359 400 2420 similiter
424 2371 550 2420 murato
575 2372 605 2420 et
629 2357 730 2421 fundo
755 2379 791 2420 ac
815 2357 972 2422 hedificiis
993 2359 1098 2421 eidem
1124 2359 1235 2422 domui
1260 2375 1384 2422 murate
1407 2364 1516 2424 subet

253 2464 539 2546 superjacentibus,
564 2465 596 2525 in
622 2464 705 2526 dicta
723 2465 861 2528 civitate·
876 2485 976 2549 prope
1011 2481 1135 2548 portam
1161 2466 1260 2547 ipsius
1283 2467 1420 2530 civitatis
1435 2467 1517 2550 lapi·

254 2571 349 2631 deam
375 2570 456 2631 inter
480 2585 511 2652 et
534 2590 633 2652 penes
657 2591 785 2632 murum
811 2571 955 2633 eiusdem
987 2571 1134 2650 civitatis,
1162 2573 1202 2632 ab
1226 2571 1359 2650 oriente,
1383 2591 1419 2632 ac
1435 2571 1517 2634 inter

253 2677 387 2738 domum
409 2676 556 2739 similiter
573 2691 731 2738 muratam
749 2691 780 2739 et
798 2676 934 2739 fundum
959 2697 996 2738 ac
1012 2678 1165 2739 celarium
1182 2677 1330 2738 similiter
1354 2692 1515 2740 muratum

254 2783 386 2865 Georgii
421 2783 580 2846 sellatoris
610 2783 667 2846 filii
701 2785 826 2846 Nicolai
860 2799 891 2846 et
923 2784 1102 2846 Clementis
1133 2782 1301 2865 lreniparis
1324 2783 1381 2846 filii
1408 2785 1517 2864 Blasii,

253 2891 376 2972 pridem
402 2891 580 2972 iuratorum
605 2892 853 2973 conciliumque
888 2907 1083 2969 nostrorum,
1107 2911 1124 2952 a
1149 2891 1340 2970 meridione,
1364 2911 1423 2954 nec
1448 2911 1515 2954 non

254 3000 335 3058 inter
357 2998 442 3060 viam
466 2998 600 3060 liberam
619 3011 650 3059 et
673 3017 818 3059 securam
836 2996 1025 3060 eorumdem
1052 2997 1185 3078 Georgii
1210 2997 1368 3059 sellatoris
1392 3011 1423 3060 et
1440 2997 1515 3061 Cle·

253 3104 370 3166 mentis
393 3102 571 3186 freniparis,
602 3105 642 3165 ab
675 3104 862 3183 occidente,
893 3117 923 3165 et
957 3104 1039 3165 inter
1071 3103 1209 3186 plateam
1234 3123 1291 3164 seu
1315 3104 1400 3166 viam
1425 3123 1512 3166 corn-

254 3211 418 3272 munitatis
452 3212 723 3293 aseptemtrione
756 3211 911 3294 habitam,
943 3229 1036 3272 muro
1061 3210 1197 3272 civitatis
1227 3208 1445 3289 adherentem,
1478 3230 1514 3273 ac

254 3320 416 3400 quandam
435 3334 556 3402 partem
576 3318 666 3380 lundi
681 3331 765 3381 retro
784 3319 917 3380 domurn
936 3319 1077 3399 ligneam
1096 3329 1127 3380 et
1145 3316 1281 3380 lundum
1295 3316 1513 3399 predictorum

254 3425 388 3506 Georgii
410 3425 570 3487 sellatoris
601 3439 632 3486 et
663 3424 842 3488 Clementis
874 3424 1042 3506 freniparis
1074 3444 1092 3485 a
1123 3424 1209 3486 dicto
1233 3423 1461 3506 septemtrione
1486 3438 1517 3486 et

253 3533 335 3594 inter
359 3531 534 3614 predictam
561 3532 646 3593 viam
671 3532 806 3593 liberam
831 3545 862 3593 et
883 3532 1029 3593 semitam
1056 3530 1245 3592 eorumdem
1264 3529 1397 3612 Georgii
1422 3531 1516 3593 sella·

252 3638 330 3698 toris
353 3650 383 3698 et
407 3637 586 3700 Clementis
610 3635 778 3719 freniparis
812 3639 851 3698 ab
877 3637 1011 3716 oriente,
1044 3656 1102 3697 nec
1126 3655 1192 3698 non
1218 3637 1299 3698 inter
1323 3637 1458 3700 domurn
1482 3651 1514 3698 et

252 3742 390 3804 fundum
416 3743 563 3826 Dyonisii
597 3743 762 3821 institoris,
794 3743 900 3826 jurati,
931 3745 971 3805 ab
1003 3742 1170 3805 occidente
1194 3755 1226 3804 et
1258 3742 1437 3806 meridione
1461 3742 1515 3805 ha·

253 3851 364 3928 bitam,
388 3849 420 3911 in
444 3869 507 3931 qua
539 3869 603 3911 una
635 3850 771 3912 cisterna
807 3848 921 3912 effossa
954 3848 1022 3911 lore
1053 3849 1249 3932 perhibetur,
1275 3869 1337 3931 que
1361 3849 1520 3910 omnibus·

252 3956 468 4018 communiter
491 3957 609 4018 servire
631 3955 820 4034 dinoscitur,
839 3975 935 4017 unam
953 3955 1104 4016 videlicet
1122 3956 1153 4017 in
1171 3969 1239 4016 toto
1264 3967 1412 4036 quartam
1429 3955 1515 4016 curie

252 4063 283 4124 in
308 4082 341 4124 se
365 4062 596 4141 continentem,
621 4062 717 4124 simul
742 4081 815 4124 cum
848 4062 1001 4124 omnibus
1025 4061 1090 4122 suis
1122 4062 1244 4139 usibus,
1269 4061 1461 4123 utilitatibus
1485 4075 1518 4124 et

251 4167 457 4251 pertinenciis
482 4168 641 4230 universis
664 4167 811 4250 predicto
835 4167 997 4230 Clementi
1016 4167 1167 4250 frenipari
1197 4187 1234 4228 ex
1258 4187 1415 4229 consensu
1439 4167 1516 4229 vici·

251 4293 368 4335 norum
392 4273 611 4356 predictorum
634 4273 750 4356 partim
776 4294 834 4356 pro
870 4275 983 4356 viginti
1016 4273 1160 4355 quinque
1192 4273 1263 4336 flor.
1287 4274 1366 4352 auri,
1398 4273 1515 4355 partim

251 4393 357 4442 autem
382 4394 539 4463 quantum
564 4381 603 4443 ad
622 4382 828 4444 medietatem
847 4383 990 4445 eiusdem
1013 4383 1130 4445 domus
1147 4397 1269 4444 murate
1295 4396 1326 4444 et
1349 4381 1441 4444 lundi
1458 4384 1514 4444 do·

251 4501 356 4550 nasset
385 4502 417 4550 et
448 4488 650 4571 propinasset
681 4489 783 4550 immo
814 4489 946 4551 donavit
977 4505 1009 4553 et
1046 4489 1230 4573 propinavit
1259 4489 1328 4570 jure
1359 4504 1515 4569 perpetuo

252 4593 482 4676 possidendam
499 4609 531 4657 et
547 4595 719 4678 superinde
737 4608 784 4657 est
800 4595 892 4658 litera
908 4597 967 4658 sub
981 4596 1133 4677 pendenti
1150 4595 1258 4676 sigillo
1276 4596 1516 4659 communitatis

252 4715 413 4764 emanata.

358 4808 436 4870 ltem
447 4809 623 4872 Katherina
637 4809 702 4872 filia
716 4811 852 4873 condam
868 4810 997 4872 Martini
1009 4808 1187 4894 Zytharych
1202 4809 1366 4892 quandam
1380 4809 1514 4871 domum

252 4933 345 4976 suam
366 4915 462 4976 simul
487 4935 561 4977 cum
587 4914 689 4978 fundo
713 4931 744 4979 et
767 4917 887 4979 celario
903 4919 1111 4978 subterraneo
1137 4936 1172 4976 ac
1189 4914 1348 4977 hedificiis
1372 4915 1404 4978 in
1429 4916 1513 4978 dicta

252 5021 381 5083 civitate
404 5021 487 5084 inter
511 5022 627 5084 domos
651 5037 681 5084 et
705 5022 823 5084 fundos
848 5023 995 5106 Dyonisii
1021 5023 1173 5104 agricole,
1198 5024 1237 5083 ab
1262 5042 1325 5083 una
1350 5036 1449 5105 parte,
1474 5023 1514 5083 ab
