3840 5810
388 555 423 596 12
914 534 1002 592 Anno
1025 547 1116 611 1442.

387 643 531 652 -—-.-—-—

382 748 501 826 habite,
528 766 625 808 unam
650 759 795 828 quartam
822 745 909 808 curie
934 746 966 808 in
991 765 1024 806 se
1049 745 1285 825 continentem,
1302 764 1373 806 curn
1398 745 1463 805 suis
1486 744 1646 827 pertinen-

383 856 440 918 ciis
457 854 586 939 Mathye
604 853 671 916 filio
697 852 862 915 Benedicti
880 852 1087 938 Kurmanych
1108 871 1166 935 pro
1184 851 1294 912 decem
1319 865 1350 914 et
1373 865 1447 912 octo
1469 850 1574 933 peusis
1590 849 1644 911 de·

382 963 544 1024 nariorum
563 959 709 1022 vendidit
732 973 888 1043 perpetuo
905 959 1133 1042 possidendam
1157 973 1188 1020 et
1212 957 1381 1040 superinde
1407 973 1453 1020 est
1470 957 1560 1019 litera
1585 957 1645 1018 sub

383 1069 536 1154 pendenti
560 1067 667 1149 sigillo
691 1067 935 1150 privilegialiter
959 1079 1117 1130 emanata.

489 1176 567 1236 item
594 1175 694 1236 Elena
712 1174 828 1236 mulier
852 1174 962 1235 relicta
987 1172 1125 1234 condam
1144 1172 1300 1234 Anthonii
1325 1171 1509 1254 Wlkanych
1533 1185 1563 1234 et
1579 1185 1646 1232 tan·

387 1283 461 1344 dem
497 1282 608 1344 relicta
633 1280 788 1342 Johannis
813 1279 928 1342 Croaci
961 1280 1167 1342 medietatem
1192 1278 1360 1342 cuiusdam
1391 1279 1484 1340 vinee
1508 1298 1575 1356 sue,
1599 1296 1646 1338 re·

383 1389 508 1450 siduam
534 1388 654 1450 scilicet
678 1399 709 1448 et
732 1385 860 1448 finalem
886 1407 903 1447 a
929 1399 1017 1468 parte
1042 1387 1134 1448 vinee
1163 1386 1340 1448 liberorum
1366 1383 1486 1446 Mathie
1515 1382 1646 1445 Philech

382 1495 535 1572 habitam,
555 1493 720 1554 Demetrio
745 1493 882 1554 condam
900 1493 1037 1554 institori
1054 1490 1122 1553 filio
1141 1491 1296 1554 Johannis
1319 1511 1378 1574 pro
1395 1490 1536 1572 quadam
1552 1489 1646 1551 vinea

381 1623 437 1664 sua
463 1615 493 1664 et
528 1621 587 1684 pro
620 1600 840 1662 additamento
872 1613 1010 1681 quatuor
1043 1599 1112 1662 flor.
1145 1600 1213 1661 auri
1239 1619 1295 1682 per
1327 1598 1461 1661 modum
1487 1611 1646 1680 permuta·

381 1709 484 1770 cionis
509 1707 598 1770 dedit
622 1720 779 1790 perpetuo
802 1707 1029 1788 possidendam
1056 1721 1086 1768 et
1101 1706 1274 1789 superinde
1298 1720 1344 1768 est
1372 1705 1462 1768 litera
1487 1707 1546 1766 sub
1570 1725 1646 1787 pen·

384 1815 471 1876 denti
496 1814 604 1895 sigillo
628 1813 873 1895 privilegialiter
897 1827 1053 1874 emanata.

490 1921 566 1982 Item
593 1940 630 1980 ex
654 1919 822 2000 legacione
843 1919 1080 1980 testamentaria
1105 1917 1219 2001 prefati
1238 1919 1392 1982 Demetrii
1419 1919 1583 1996 institoris,
1600 1918 1646 1998 ju-

384 2028 453 2106 rati,
477 2025 534 2088 filii
560 2025 726 2104 Johannis,
751 2039 817 2086 tota
840 2025 935 2090 vinea
967 2026 1112 2086 eiusdem
1137 2025 1292 2088 Demetrii
1318 2026 1473 2088 institoris
1497 2027 1528 2086 in
1554 2025 1645 2087 terri·

381 2133 463 2196 torio
496 2132 632 2194 civitatis
663 2129 785 2214 prefate
818 2131 900 2194 inter
932 2133 1041 2194 vineas
1073 2133 1245 2213 Augustini
1278 2133 1371 2213 jurati
1403 2147 1434 2194 et
1465 2133 1644 2195 liberorum

381 2240 518 2301 condam
545 2239 674 2322 Mathye
699 2237 829 2299 Philech
854 2237 974 2316 hahita,
1007 2258 1079 2300 cum
1105 2239 1170 2300 suis
1201 2239 1408 2320 pertinenciis
1432 2239 1566 2321 provide
1589 2239 1646 2300 do-

381 2348 467 2408 mine
493 2346 592 2407 Elene
618 2344 682 2408 filie
707 2345 844 2407 condam
870 2345 1025 2406 Johannis
1049 2347 1231 2408 stacionarii
1264 2366 1300 2408 ac
1324 2347 1433 2408 relicte
1459 2347 1559 2428 ipsius
1585 2346 1645 2407 De·

381 2454 486 2516 metrii
512 2453 667 2515 institoris
684 2467 730 2514 est
754 2453 997 2534 privilegialiter
1022 2465 1138 2514 statuta
1161 2466 1192 2514 et
1209 2467 1415 2534 perpetuata,
1440 2453 1529 2514 cuius
1553 2453 1646 2514 vinee

382 2580 480 2622 unam
505 2560 711 2622 medietatem
737 2559 850 2620 eadent
868 2559 1000 2620 domina
1028 2559 1128 2620 Elena
1147 2559 1283 2641 provido
1308 2560 1377 2620 viro
1403 2558 1539 2620 Johanni
1558 2559 1646 2620 insti·

380 2667 441 2729 tori
466 2665 533 2727 filio
558 2666 684 2728 Nicolai
709 2665 843 2727 domino
869 2679 899 2727 et
924 2665 1039 2726 marito
1063 2685 1121 2726 suo
1146 2665 1304 2727 moderno
1329 2665 1462 2726 donavit
1486 2679 1642 2746 perpetuo

381 2772 620 2856 possidendam,
645 2788 675 2833 et
699 2773 795 2834 aliam
828 2773 1034 2834 medietatem
1069 2773 1212 2834 eiusdem
1246 2773 1338 2834 vinee
1371 2773 1485 2834 eadem
1509 2772 1643 2833 domina

381 2882 480 2942 Elena
506 2899 563 2962 pro
584 2901 615 2940 se
633 2880 804 2941 reservavit
821 2880 1060 2962 possidendam,
1078 2895 1107 2941 et
1124 2879 1295 2962 superinde
1315 2877 1386 2964 (est)
1406 2879 1497 2940 litera
1514 2878 1644 2961 privile·

379 2987 473 3069 gialis
496 3006 555 3068 pro
579 3000 714 3067 utraque
739 3001 826 3068 parte
852 2987 911 3048 sub
943 2986 1095 3069 pendenti
1120 2986 1227 3067 sigillo
1252 2986 1492 3048 communitatis
1516 2985 1644 3067 privile·

379 3094 507 3174 gialiter
536 3107 693 3155 emanata.

484 3199 563 3261 Item
588 3200 673 3260 lwan
708 3200 797 3260 Bank
832 3198 916 3261 filius
940 3199 1069 3260 Thome
1102 3213 1133 3262 et
1158 3199 1350 3260 Benedictus
1373 3197 1459 3260 filius
1483 3198 1644 3279 Gregorii,

379 3305 590 3366 commissarii
615 3319 646 3366 et
669 3318 854 3366 executores
878 3306 984 3367 ultimi
1009 3307 1190 3368 testamenti
1215 3305 1349 3388 provide
1375 3305 1519 3366 mulieris
1544 3306 1643 3367 Lucie

379 3412 487 3472 relicte
512 3411 648 3472 condam
675 3411 803 3472 Andree
828 3411 884 3472 filit
911 3412 993 3474 Petri
1019 3413 1058 3473 de
1083 3413 1268 3490 Branowcz‚
1301 3412 1462 3493 quendam
1488 3412 1641 3492 (h)ortum

379 3518 478 3599 ipsius
509 3517 647 3578 condam
680 3518 778 3579 Lucie
812 3519 842 3578 in
875 3520 1030 3580 suburbio
1061 3519 1198 3580 civitatis
1229 3519 1371 3600 predicte
1396 3519 1477 3579 inter
1509 3518 1643 3598 (h)ortos

379 3625 555 3686 liberorum
580 3623 718 3685 condam
743 3623 898 3685 Johannis
930 3625 1005 3686 dicti
1039 3625 1128 3686 Bozo
1153 3639 1184 3686 et
1216 3624 1349 3686 domine
1374 3625 1475 3710 Elene
1499 3624 1641 3705 predicte

379 3730 488 3791 relicte
513 3729 614 3810 ipsius
638 3730 793 3792 Demetrii
827 3730 983 3809 habitum,
1016 3730 1139 3812 prefato
1173 3731 1311 3792 Johanni
1345 3729 1483 3791 institori
1508 3731 1641 3792 domino

379 3851 410 3898 et
434 3837 549 3897 marito
576 3836 675 3917 ipsius
708 3837 839 3898 domine
872 3837 972 3898 Elene
1004 3857 1062 3918 pro
1088 3837 1197 3898 decern
1231 3835 1299 3898 flor.
1325 3837 1394 3897 auri
1427 3837 1642 3898 vendiderunt

378 3956 534 4025 perpetuo
566 3942 797 4023 possidendum
821 3957 852 4004 et
879 3943 1051 4025 superinde
1077 3959 1123 4004 est
1147 3945 1237 4006 litera
1268 3945 1328 4005 sub
1353 3944 1507 4026 pendenti
1532 3943 1640 4025 sigillo

378 4049 617 4110 communitatis
639 4049 881 4130 privilegialiter
904 4064 1061 4112 emanata.

484 4154 562 4215 item
595 4155 783 4216 Valentinus
814 4155 899 4216 filius
923 4157 1090 4218 Michaelis
1122 4157 1277 4219 Saronich
1310 4171 1340 4219 et
1366 4157 1533 4220 Emericus
1557 4157 1642 4220 filius

378 4260 503 4321 Nicolai
527 4260 632 4340 jurati,
657 4262 805 4322 concives
822 4262 933 4340 nostri,
958 4264 1168 4324 commissarii
1198 4277 1229 4324 et
1250 4279 1435 4327 executores
1459 4266 1640 4327 testamenti

377 4365 481 4427 ultimi
513 4367 650 4427 verbalis
683 4367 836 4448 Stephani
860 4368 977 4430 literati
1003 4369 1060 4431 filii
1095 4371 1233 4432 condam
1259 4371 1439 4434 Clementis
1471 4373 1640 4451 Prandich,

377 4473 539 4552 quendam
565 4473 720 4556 (h)ortum
746 4475 845 4555 ipsius
870 4476 1023 4559 Stephani
1047 4477 1214 4561 Praudych
1243 4479 1340 4541 simul
1366 4499 1438 4541 curn
1464 4481 1591 4542 stabulo
1610 4496 1641 4543 et

377 4577 503 4659 (h)oreo
530 4579 560 4639 in
586 4580 746 4641 territorio
764 4595 873 4643 nostro
892 4583 923 4643 in
944 4585 1099 4646 suburbio
1117 4586 1252 4647 civitatis
1269 4585 1389 4667 prefate
1407 4587 1489 4648 inter
1506 4587 1640 4669 (h)ortos

377 4683 571 4746 Balthasaris
596 4699 626 4746 et
644 4686 744 4748 Elene
762 4687 893 4748 domine
910 4690 1090 4771 supradicte
1107 4690 1253 4754 habitum
1278 4705 1309 4754 et
1326 4694 1524 4773 existentem,
1542 4714 1638 4755 unam

376 4805 522 4870 quartam
548 4793 633 4854 curie
657 4793 689 4854 in
714 4813 746 4854 se
771 4796 1000 4875 continentem,
1024 4797 1168 4878 predicto
1187 4797 1324 4860 Johanni
1349 4799 1487 4861 institori
1504 4801 1640 4863 domino

376 4911 406 4957 et
431 4898 545 4958 marito
571 4898 669 4980 ipsius
694 4899 826 4962 domine
852 4902 962 4981 Elene,
988 4917 1022 4964 ut
1054 4923 1140 4966 novo
1172 4906 1297 4967 concivi
1323 4921 1444 4987 nostro,
1468 4928 1528 4991 pro
1560 4929 1638 4990 qua·

376 5003 554 5065 tuordecim
580 5004 648 5068 flor.
674 5007 743 5068 auri
768 5007 983 5071 vendiderunt
1000 5025 1156 5093 perpetuo
1184 5013 1426 5094 possidendum.
