3816 5802
390 430 428 508 56
916 427 1118 501 Anno1445.

389 639 578 704 utilitatibus
601 654 633 702 et
657 638 862 722 pertinenciis
885 635 1042 698 universis
1074 635 1206 696 domine
1239 635 1340 698 Elene
1377 635 1486 698 relicte
1511 634 1647 696 condam

389 745 544 810 Demetrii
581 746 734 808 institoris
767 764 852 807 nunc
883 741 1024 804 consorti
1056 741 1214 822 legittime
1247 741 1401 804 lobannis
1435 741 1527 823 jurati
1553 741 1650 802 nostri

388 851 537 916 moderni
563 871 621 934 pro
653 866 775 934 septem
808 849 878 914 flor.
910 849 978 910 anri
1011 848 1156 911 vendidit
1187 861 1345 930 perpetuo
1369 847 1596 930 possidendam
1622 861 1653 908 et

388 957 560 1042 superinde
585 971 632 1022 est
655 958 744 1020 litera
768 959 827 1020 sub
852 955 1006 1039 pendenti
1038 954 1146 1035 sigillo
1171 955 1413 1017 communitatis
1436 968 1592 1018 emanata.

495 1065 572 1128 ltem
597 1085 670 1148 pars
694 1063 826 1126 inferior
860 1062 977 1124 domus
1009 1075 1133 1124 murare
1166 1061 1333 1123 cuiusdam
1368 1062 1400 1122 in
1425 1061 1552 1124 civitate
1582 1080 1651 1144 pre-

388 1172 473 1236 dicte
497 1172 580 1236 inter
604 1171 720 1234 domos
751 1169 916 1232 Valentini
950 1167 1110 1230 tributarii
1143 1182 1174 1230 et
1207 1169 1288 1230 inter
1318 1167 1453 1230 domum
1479 1167 1652 1230 liberorum

390 1279 528 1344 condam
553 1278 728 1340 Alexandri
752 1276 872 1353 habite,
897 1295 960 1357 que
993 1275 1131 1337 condam
1160 1274 1316 1337 Jobannis
1339 1275 1524 1338 stacionarii
1548 1272 1652 1357 prefu-

389 1399 466 1465 erat,
490 1383 612 1467 prelate
637 1383 769 1445 domine
795 1381 894 1444 Elene
920 1379 984 1444 filie
1009 1381 1110 1463 ipsius
1127 1381 1265 1444 condam
1290 1381 1447 1444 lobannis
1470 1381 1653 1443 stationarii

391 1493 424 1554 in
448 1490 580 1554 terciam
605 1503 723 1552 rectam
748 1501 779 1550 et
815 1487 965 1569 equalem
997 1507 1088 1548 suam
1120 1487 1309 1569 porcionem
1343 1501 1390 1550 est
1414 1487 1655 1570 privilegialiter

389 1599 449 1662 sub
473 1596 626 1682 pendenti
650 1595 758 1678 sigillo
783 1594 1023 1656 communitatis
1056 1592 1244 1656 confirmata
1269 1609 1426 1676 perpetuo
1451 1593 1653 1676 possidenda.

495 1703 572 1766 Item
599 1703 795 1766 Laurencius
820 1701 945 1763 institor
976 1699 1060 1762 filius
1084 1701 1168 1762 Petri
1202 1701 1365 1782 quandam
1402 1699 1534 1762 domum
1560 1719 1651 1764 suam

391 1811 532 1892 ligneam
556 1809 653 1872 simul
677 1828 750 1870 cum
776 1807 877 1870 fundo
894 1821 925 1870 et
949 1805 1105 1870 hedificiis
1126 1807 1263 1869 indicta
1287 1808 1415 1869 civitate
1433 1807 1514 1869 inter
1538 1805 1655 1868 lundos

390 1917 567 1978 liberorum
591 1915 728 1978 condam
763 1913 916 1997 Stephani
947 1913 1229 1996 Herwathychych
1263 1928 1294 1974 et
1318 1913 1472 1996 Stephani
1497 1911 1576 1974 labri
1601 1913 1655 1974 ba·

391 2022 502 2100 bitam,
527 2040 623 2084 unam
649 2033 796 2102 quartam
814 2021 902 2082 curie
927 2021 959 2081 in
984 2039 1016 2081 se
1035 2021 1268 2099 continentem,
1285 2039 1357 2082 cum
1375 2019 1441 2080 suis
1466 2018 1655 2081 utilitatibus

391 2141 422 2190 et
449 2127 655 2210 pertinenciis
687 2127 841 2188 universis
874 2125 1026 2188 Ladislao
1063 2124 1131 2187 lilio
1163 2125 1301 2188 condam
1327 2125 1423 2187 Blasii
1456 2123 1655 2186 Czarantho·

391 2233 484 2318 wych
511 2247 542 2296 et
566 2233 743 2316 Elyzabetb
775 2253 831 2294 sue
863 2232 1015 2312 consorti,
1049 2233 1136 2314 nepti
1167 2231 1318 2294 videlicet
1348 2250 1415 2310 sue,
1448 2250 1484 2292 ac
1509 2250 1546 2292 ex
1578 2231 1655 2314 ipsis

393 2339 610 2422 superviventi
634 2339 725 2402 dedit
749 2352 904 2421 perpetuo
923 2339 1150 2421 possidendam
1175 2353 1207 2400 et
1223 2337 1395 2420 superinde
1412 2337 1593 2400 communis
1609 2351 1656 2398 est

393 2445 484 2508 litera
509 2445 568 2506 sub
593 2445 744 2527 pendenti
769 2444 876 2526 sigillo
901 2445 1140 2510 communitatis
1168 2457 1324 2506 emanata.

496 2550 574 2614 ltent
599 2551 730 2612 domina
756 2555 882 2636 Agycza
908 2551 1018 2613 relicta
1042 2549 1179 2612 condam
1204 2550 1318 2612 decani
1343 2550 1472 2633 Mathye
1501 2550 1653 2612 directam

391 2672 422 2721 et
446 2657 595 2740 equalem
620 2657 826 2719 medietatem
860 2657 1026 2718 cuiusdam
1059 2657 1175 2719 domus
1203 2672 1234 2718 et
1266 2656 1357 2719 fundi
1390 2677 1426 2720 ac
1450 2658 1557 2720 celarii
1582 2659 1654 2720 sub·

390 2764 538 2843 terranei,
562 2783 620 2826 nec
645 2783 709 2825 non
735 2761 959 2826 hedificiorum
984 2765 1015 2824 in
1042 2765 1113 2826 vico
1138 2764 1239 2847 ipsius
1263 2765 1399 2826 civitatis
1423 2765 1571 2827 exteriori
1599 2783 1655 2826 seu

391 2870 497 2953 platea
521 2884 668 2932 sutorum
693 2871 775 2932 inter
792 2870 907 2932 domos
924 2883 955 2932 et
971 2868 1090 2932 fundos
1109 2871 1250 2933 Ladislai
1268 2872 1396 2950 sutoris,
1420 2874 1460 2932 ab
1477 2891 1539 2933 una
1557 2884 1655 2954 parte,

392 2991 423 3040 et
446 2991 535 3060 parte
559 2979 599 3039 ab
623 2977 723 3040 altera
749 2977 878 3060 Mathye
903 2977 1051 3040 similiter
1075 2977 1192 3039 sutoris
1211 2977 1330 3057 habite,
1355 2979 1544 3061 porcionem
1567 2978 1654 3040 vide-

393 3084 468 3146 licet
491 3103 593 3164 suam,
618 3103 714 3146 unam
740 3083 861 3146 scilicet
884 3097 1031 3166 quartam
1057 3085 1143 3146 curie
1169 3085 1201 3145 in
1226 3104 1258 3146 se
1284 3085 1486 3164 retinentem,
1512 3084 1656 3166 Georgia

392 3190 493 3254 sutori
517 3189 585 3254 filio
610 3191 748 3253 Emerici
775 3191 982 3272 Bedowlych,
1016 3205 1050 3252 ut
1078 3192 1141 3273 jam
1167 3211 1253 3254 novo
1279 3193 1403 3254 concivi
1436 3207 1556 3272 nostro,
1581 3211 1655 3255 ven·

392 3296 474 3360 didit
506 3309 662 3379 perpetuo
695 3296 923 3378 possidendam
957 3311 987 3357 et
1018 3299 1190 3379 superinde
1222 3312 1269 3361 est
1298 3299 1389 3361 litera
1422 3299 1480 3360 sub
1505 3298 1656 3382 pendenti

391 3403 498 3486 sigillo
529 3404 769 3466 communitatis
793 3401 938 3465 coniecta
963 3417 994 3465 et
1018 3419 1176 3468 emanata.

498 3511 575 3573 Item
601 3510 791 3572 Valentinus
815 3510 918 3572 cultor
947 3508 1031 3572 filius
1057 3510 1189 3593 Georgii
1223 3511 1411 3594 Grabarycb
1449 3512 1602 3574 directam
1624 3525 1655 3572 et

392 3617 541 3698 equalem
566 3616 773 3679 medietatem
798 3616 965 3678 cuiusdam
991 3617 1118 3696 domus,
1137 3615 1240 3696 fundi,
1265 3617 1440 3699 celariique
1458 3619 1655 3680 subterranei

391 3742 427 3785 ac
452 3721 674 3784 hedificiorum
701 3723 732 3784 in
758 3723 829 3784 vico
854 3723 1004 3785 exteriori
1020 3735 1166 3784 sutorum
1191 3723 1273 3784 inter
1290 3723 1406 3784 domos
1430 3724 1584 3786 lobannis
1599 3745 1654 3786 seu

393 3829 548 3891 lankonis
572 3829 744 3910 arcuparis‚
769 3829 809 3890 ab
835 3848 897 3889 una
923 3843 1022 3910 parte,
1055 3830 1094 3890 ab
1127 3829 1226 3890 altera
1259 3849 1335 3891 vero
1359 3845 1448 3913 parte
1482 3830 1655 3893 liberorum

392 3935 531 4004 condam
555 3934 647 3997 Pauli
673 3935 888 4018 Dawydowcz
913 3936 1031 4014 habite,
1066 3938 1253 4018 porcionem
1278 3938 1401 4001 scilicet
1433 3959 1537 4019 suam,
1562 3959 1655 4001 unam

392 4041 513 4106 scilicet
536 4041 763 4103 tantummodo
788 4057 933 4124 quartam
963 4042 1050 4104 curie
1074 4043 1108 4104 in
1133 4063 1166 4106 se
1199 4045 1432 4125 continentem,
1458 4045 1552 4108 Petro
1577 4045 1653 4106 lare·

392 4148 489 4212 trsrio
514 4145 582 4210 filio
607 4148 722 4208 Briccii
749 4147 834 4209 dicto
861 4147 1050 4231 Goryanecz
1074 4169 1132 4231 pro
1157 4171 1210 4212 sex
1239 4150 1309 4215 flor.
1334 4153 1403 4214 auri
1428 4152 1573 4214 vendidit
1588 4172 1657 4234 per·

392 4267 491 4337 petuo
508 4253 737 4336 possidendam
763 4267 794 4314 et
810 4255 981 4335 superinde
1006 4267 1053 4318 est
1069 4255 1160 4318 litera
1177 4259 1236 4319 sub
1262 4258 1415 4340 pendenti
1439 4258 1547 4339 sigillo
1571 4278 1656 4320 com·

392 4360 559 4424 munitatis
583 4360 827 4442 privilegialiter
851 4359 996 4424 conlecta
1020 4375 1051 4424 et
1076 4375 1233 4427 emanata.

499 4466 576 4528 Item
603 4466 776 4528 Katlterina
802 4467 910 4530 relicta
935 4467 1076 4550 primum
1101 4469 1240 4532 condam
1258 4471 1348 4532 Pauli
1373 4471 1512 4534 tonsoris
1535 4490 1656 4554 panno·

392 4592 463 4636 rum
481 4586 511 4636 et
524 4573 654 4635 tandem
682 4572 793 4634 relicta
818 4573 956 4635 condam
972 4573 1118 4656 Dyonisii
1136 4578 1276 4658 sartoris,
1294 4578 1447 4641 directam
1465 4593 1496 4641 et
1509 4579 1655 4662 equalem

393 4679 600 4744 medietatem
626 4679 791 4742 cuiusdam
810 4681 925 4743 domus
948 4695 978 4742 et
995 4679 1085 4743 fundi
1104 4703 1139 4745 ac
1156 4685 1263 4747 celarii
1281 4687 1479 4747 subterranei
1498 4699 1529 4748 et
1545 4684 1656 4748 hedifi-

393 4785 516 4848 ciorum
542 4787 574 4846 in
600 4786 683 4848 dicta
708 4787 835 4848 civitate
860 4787 942 4848 inter
976 4787 1090 4850 domos
1118 4804 1149 4851 et
1174 4789 1292 4854 fundos
1317 4791 1484 4855 Benedicti
1515 4790 1573 4854 filii
1596 4792 1655 4854 Mi-

393 4891 511 4955 chaelis
535 4892 725 4970 Sebastiam,
750 4894 789 4954 ab
816 4913 877 4955 una
902 4905 1003 4975 parte,
1028 4895 1067 4955 ab
1084 4896 1182 4958 altera
1208 4917 1283 4960 vero
1308 4913 1395 4980 parte
1421 4899 1503 4962 inter
1521 4897 1653 4960 domum
