3832 5804
373 461 435 506 200
903 443 989 502 Anno
1011 436 1105 520 1460.

372 656 550 718 liberorum
576 654 713 718 condam
740 653 882 734 magistri
906 651 1026 716 Mathai
1051 652 1167 714 notarii
1191 672 1227 714 ac
1252 651 1427 714 liberorum
1454 653 1582 715 Andree
1607 668 1639 716 et

373 761 508 842 Georgii
533 760 672 823 filiorum
688 759 786 836 Galli,
803 759 940 840 desuper
957 779 974 820 a
999 759 1049 820 via
1067 759 1233 820 communi
1258 755 1339 819 infra
1357 777 1459 839 usque
1484 759 1638 836 rivulum,

375 868 472 930 simul
497 887 570 930 cum
595 866 735 948 virgulto
752 865 857 928 eidem
875 865 969 928 vinee
987 863 1164 944 subjacenti
1181 884 1214 926 se
1233 863 1469 942 extendentem,
1487 863 1639 926 Michaeli

373 971 513 1053 agricole
537 969 604 1034 filio
630 970 764 1052 Georgii
789 969 995 1033 inhabitatori
1021 969 1157 1032 civitatis
1187 966 1307 1050 prefate
1332 989 1368 1030 ac
1392 989 1449 1051 per
1472 989 1548 1031 eum
1571 970 1638 1032 suis

373 1076 545 1138 heredibus
569 1095 628 1160 pro
652 1090 773 1158 septem
799 1075 868 1138 flor.
893 1076 961 1137 auri
986 1075 1149 1149 vendidit;
1174 1089 1205 1137 et
1229 1074 1304 1157 quia
1329 1073 1471 1158 prefatus
1496 1075 1634 1138 Michael

373 1183 512 1264 agricola
537 1182 701 1264 quandam
726 1181 914 1264 particulam
939 1181 1107 1244 cuiusdam
1130 1181 1222 1243 vinee
1254 1181 1489 1244 condicionalis
1513 1180 1635 1263 prefate

372 1289 464 1350 vinee
489 1287 688 1368 adjacentem
726 1287 895 1369 adipsum
921 1287 1112 1349 Michaelem
1137 1308 1153 1349 a
1178 1285 1303 1368 prelato
1328 1287 1467 1348 condam
1492 1285 1636 1368 Georgio

372 1407 461 1477 patre
484 1393 553 1474 jure
577 1393 771 1455 hereditario
804 1393 981 1454 dinoscitur
1012 1393 1195 1475 possidere,
1229 1393 1303 1454 ideo
1336 1413 1395 1455 nos
1427 1393 1564 1455 eandem
1589 1406 1637 1454 to·

372 1498 469 1561 talem
493 1500 621 1560 vineam
647 1499 679 1560 in
714 1517 811 1560 unam
846 1499 1003 1578 integram
1038 1499 1165 1560 vineam
1198 1499 1416 1561 combinatam
1449 1499 1555 1561 eidem
1578 1511 1638 1559 sta·

372 1604 503 1682 tuimus,
528 1603 589 1666 hoc
614 1623 774 1687 expresso,
799 1604 887 1685 quod
922 1603 1064 1685 prelatus
1088 1604 1227 1667 Michael
1259 1604 1400 1686 agricola
1426 1624 1462 1666 ac
1486 1625 1541 1686 per
1565 1624 1638 1666 eum

373 1710 478 1771 cuncti
503 1709 551 1772 sui
577 1709 710 1771 heredes
735 1709 834 1792 ipsius
858 1710 951 1772 vinee
974 1711 1082 1772 totalis
1113 1709 1177 1791 jam
1206 1711 1344 1772 invicem
1369 1711 1552 1772 combinata
1577 1729 1636 1793 pro

372 1830 518 1898 tempore
542 1835 740 1899 possessores
763 1815 898 1896 singulis
922 1817 1014 1877 annis
1038 1830 1069 1877 et
1095 1817 1294 1899 temporibus
1318 1817 1481 1899 perpetuis
1505 1817 1545 1877 ad
1570 1817 1633 1898 pri-

373 1940 442 1983 mas
474 1921 629 2004 Vesperas
660 1941 717 1984 seu
748 1922 789 1983 ad
825 1921 1025 1984 colacionem
1059 1923 1236 2006 primarum
1268 1924 1480 2005 Vesperarum
1517 1922 1635 1984 festivi-

325 2079 328 2086 .
373 2028 446 2090 tatia
469 2029 553 2092 beati
578 2029 677 2090 Marci
701 2029 906 2110 ewangeliste
923 2028 1077 2090 celebrari
1102 2043 1287 2091 consvetam
1313 2029 1456 2092 medium
1481 2029 1636 2090 eubulum

374 2148 406 2198 et
430 2155 526 2198 unam
551 2149 697 2218 quartam
722 2148 846 2218 partem
879 2136 974 2197 unius
998 2135 1107 2197 eubuli
1141 2136 1209 2197 vini
1234 2136 1274 2198 de
1306 2136 1418 2198 eadem
1444 2135 1537 2198 vinea
1562 2135 1637 2197 dare

373 2244 567 2304 tenebuntur
591 2257 622 2304 et
645 2243 818 2325 superinde
842 2242 934 2304 litera
960 2257 1067 2304 nostra
1099 2243 1309 2325 privilegialis
1335 2245 1394 2305 sub
1418 2244 1572 2326 pendenti
1596 2244 1636 2305 si·

373 2350 453 2432 gillo
479 2364 526 2412 est
549 2350 609 2412 sibi
634 2364 793 2413 emanata.

481 2456 557 2519 ltem
583 2456 757 2520 Katherina
783 2457 892 2519 relicta
915 2457 1053 2520 condam
1072 2457 1184 2518 Briccii
1209 2456 1328 2518 sutoris
1351 2454 1408 2518 filii
1434 2455 1580 2518 Barnabe
1597 2455 1638 2518 de

374 2563 512 2626 lwanich
541 2562 686 2625 vendidit
709 2563 872 2644 quandam
897 2563 1031 2625 domum
1053 2582 1143 2624 suam
1169 2561 1266 2624 simul
1290 2581 1362 2624 cum
1387 2561 1489 2624 fundo
1514 2577 1545 2624 et
1569 2563 1636 2623 edi-

375 2668 454 2731 ficiis
477 2688 513 2731 ac
537 2688 610 2731 cum
635 2669 808 2732 medietate
832 2669 941 2731 celarii
977 2669 1176 2731 subterranei
1208 2671 1267 2731 sub
1293 2669 1393 2730 domo
1418 2683 1449 2730 et
1473 2667 1575 2730 fundo
1601 2688 1637 2729 ac

374 2774 510 2840 edificiis
533 2775 707 2838 liberorum
733 2795 789 2838 seu
813 2795 1033 2838 suceessorum
1063 2776 1200 2838 condam
1226 2774 1319 2859 Gyan
1344 2774 1492 2857 pellificis
1516 2775 1636 2837 ibidem

374 2903 473 2966 penes
498 2883 528 2944 in
542 2883 703 2944 vicinitate
728 2882 879 2963 contigua
903 2903 920 2944 a
945 2897 1033 2964 parte
1049 2881 1287 2964 septemtrionis
1311 2880 1466 2961 habitam,
1491 2881 1524 2943 in
1548 2882 1634 2944 dicta

374 2989 496 3052 scilicet
519 2989 648 3050 civitate
672 2988 754 3050 inter
771 2989 911 3050 eundem
936 2989 1071 3050 domum
1097 3001 1128 3050 et
1145 2986 1281 3050 fundum
1306 3008 1341 3050 ac
1359 2987 1484 3051 edificia
1509 3007 1636 3050 eorum-

375 3095 448 3157 dem
474 3095 649 3157 liberorum
674 3092 786 3175 prefati
805 3093 897 3178 Gyan
922 3093 1068 3176 pellificis
1092 3095 1133 3155 ab
1149 3094 1264 3157 eodem
1289 3096 1519 3177 septemtrione
1542 3095 1635 3156 sitam

374 3221 410 3264 ac
434 3201 610 3262 liberorum
636 3200 774 3262 condam
799 3201 951 3282 Symonis
974 3201 1091 3262 sutoris
1126 3221 1143 3261 a
1173 3201 1352 3263 meridione
1375 3201 1524 3262 situatam
1548 3199 1637 3262 habi·

374 3320 440 3368 tam
465 3320 496 3367 et
528 3307 727 3385 existentem,
758 3325 856 3367 unam
887 3319 1033 3388 quartam
1067 3320 1098 3368 et
1129 3320 1275 3368 octavam
1309 3307 1397 3369 curie
1420 3307 1454 3366 in
1478 3325 1511 3368 se
1535 3306 1636 3368 conti·

374 3425 516 3492 nentem,
541 3411 705 3495 Stephano
730 3412 869 3493 agricole
893 3410 962 3474 filio
988 3412 1116 3474 Martini
1147 3413 1187 3473 de
1212 3411 1426 3494 Garignyeza,
1450 3430 1536 3474 novo
1561 3431 1637 3473 con·

374 3519 435 3581 civi
460 3533 581 3600 nostro,
605 3541 642 3581 ac
665 3540 722 3602 per
746 3539 819 3581 eum
844 3519 909 3580 suis
933 3519 1107 3582 heredibus
1124 3539 1182 3601 pro
1206 3533 1279 3580 octo
1303 3518 1373 3582 flor.
1398 3520 1467 3581 auri
1491 3518 1639 3581 vendidit

374 3637 406 3687 et
428 3625 600 3708 superinde
625 3626 716 3688 litera
740 3639 849 3688 nostra
872 3626 1082 3708 privilegialis
1106 3626 1165 3688 sub
1195 3625 1349 3708 pendenti
1373 3626 1481 3708 sigillo
1506 3639 1553 3688 est
1576 3627 1636 3688 sibi

375 3744 532 3793 emanata.

481 3835 560 3898 ltem
585 3841 679 3898 Anna
703 3838 812 3899 relicta
845 3837 982 3899 condam
1009 3837 1188 3900 Clementis
1219 3837 1365 3920 pellificis
1390 3837 1447 3900 filii
1473 3839 1638 3922 Stephani,

375 3960 459 4002 nunc
483 3962 559 4003 vero
584 3963 715 4006 consors
740 3944 861 4007 Mathie
885 3945 1046 4027 arcuparis
1070 3943 1127 4006 filii
1153 3945 1308 4007 lobannis
1332 3944 1371 4006 de
1396 3945 1536 4030 Zynche,
1560 3965 1637 4007 con-

375 4047 451 4108 civis
469 4064 587 4127 nostra,
611 4051 774 4132 quandam
792 4052 905 4112 silvam
930 4071 1020 4113 suam
1040 4052 1072 4112 in
1095 4051 1257 4114 territorio
1278 4064 1388 4112 nostro
1413 4051 1538 4112 Kochel
1555 4052 1637 4112 iuter

374 4155 487 4216 silvam
514 4156 669 4218 Anthonii
687 4155 802 4238 judicis
815 4156 872 4218 filii
886 4157 1015 4220 Thome
1032 4157 1168 4219 senioris
1182 4157 1297 4239 judicis
1321 4170 1351 4220 et
1368 4157 1510 4220 concivis
1524 4157 1636 4234 nostri,

375 4279 391 4320 a
416 4275 505 4340 parte
531 4261 749 4341 meridionali,
773 4282 809 4323 ac
833 4263 914 4323 inter
931 4264 1058 4324 vineam
1085 4277 1115 4324 et
1132 4263 1246 4325 silvam
1263 4262 1378 4346 prelati
1404 4262 1524 4324 Mathie
1548 4281 1637 4324 areu·

374 4364 460 4446 paris
484 4385 502 4426 a
526 4379 614 4447 parte
638 4367 892 4449 septemtrionali
917 4367 1060 4429 habitam
1090 4382 1120 4430 et
1145 4369 1344 4446 existentem,
1367 4365 1492 4450 prelato
1517 4367 1638 4428 Mathia

374 4471 520 4552 arcupari
545 4472 679 4534 domino
697 4487 727 4534 et
743 4474 858 4535 marito
883 4493 942 4535 suo
960 4475 1119 4536 moderno
1142 4495 1179 4535 ac
1196 4494 1252 4556 per
1276 4493 1349 4536 eum
1374 4474 1440 4535 suis
1464 4473 1638 4534 heredibus

375 4575 474 4654 dedit,
499 4577 631 4639 donavit
655 4593 685 4640 et
701 4580 885 4661 propinavit
908 4595 1065 4662 perpetuo
1083 4580 1322 4661 possidendam,
1342 4593 1372 4641 et
1396 4581 1471 4660 quia
1496 4578 1638 4662 prefatus

376 4681 513 4743 Mathias
536 4703 669 4765 arcupar
693 4685 856 4765 quandam
881 4687 1008 4747 vineam
1041 4706 1098 4746 seu
1131 4685 1318 4767 porcionem
1345 4685 1505 4747 vinealem
1531 4685 1636 4748 eidem

374 4787 452 4848 silve
478 4789 651 4851 inmediate
687 4791 887 4871 adjacentem
920 4792 1017 4852 simul
1049 4811 1122 4853 cum
1157 4791 1297 4872 virgulto
1329 4791 1435 4854 eidem
1464 4792 1557 4853 vinee
1581 4811 1637 4852 seu

375 4893 520 4972 porcioni
545 4895 662 4956 vineali
686 4915 704 4956 a
728 4896 797 4958 viro
831 4897 967 4978 provido
993 4911 1023 4958 et
1056 4896 1192 4960 honesto
1225 4897 1364 4960 Martino
1397 4898 1539 4979 agricola
1571 4895 1637 4960 lilio
