3840 5810
730 1626 858 1728 (duno
886 1622 1043 1712 Domini
1069 1617 1377 1722 decoctum.)

413 1971 503 2046 Item
534 1971 567 2044 in
598 1991 692 2044 anno
731 1966 875 2042 Domini
907 1964 1095 2040 millesimo
1133 1958 1488 2062 quadringentesimo
1526 1954 1676 2055 quadra-

412 2095 556 2194 gesimo
593 2091 772 2184 secondo,
810 2089 901 2166 feria
942 2096 1050 2164 sexta
1087 2087 1250 2188 proxima
1286 2091 1371 2160 ante
1408 2083 1540 2159 festum
1578 2079 1678 2155 beati

414 2217 597 2294 Valentini
628 2216 793 2306 martiris,
822 2223 986 2315 tempore
1011 2212 1191 2310 judicatos
1217 2205 1281 2284 uiri
1302 2207 1438 2309 providi
1469 2215 1506 2282 et
1530 2207 1677 2281 circom-

415 2343 531 2442 specti
566 2340 704 2416 Nicoiai
737 2339 866 2438 judicis
908 2338 1022 2413 nostri
1069 2336 1230 2412 moderni
1276 2332 1334 2409 filii
1371 2332 1491 2426 Petri,
1527 2351 1677 2431 presens

414 2468 566 2541 katerna
603 2471 662 2539 est
700 2464 905 2563 conscripta
947 2484 1055 2562 super
1091 2459 1356 2559 registracione
1402 2462 1440 2533 et
1486 2455 1677 2554 consigna·

415 2591 518 2666 cione
547 2597 725 2664 certarum
763 2587 944 2663 literarum
973 2585 1241 2686 privilegialiom
1280 2583 1406 2658 civium
1440 2590 1478 2656 et
1506 2578 1678 2654 inhabita·

414 2725 532 2791 torum
561 2714 716 2788 civitatis
746 2709 1068 2810 Montisgrecensis
1089 2708 1249 2807 predicte
1278 2705 1370 2781 infra
1404 2704 1679 2792 nominatorum,

415 2861 524 2938 super
560 2835 854 2937 possessionibus
892 2836 925 2909 in
967 2833 1095 2909 eadem
1132 2832 1278 2907 ciuitate
1317 2839 1355 2906 et
1383 2830 1460 2905 eius
1494 2826 1679 2904 territorio

513 2962 655 3053 habitis,
684 2959 929 3035 confectarum
949 2957 1220 3058 privilegialiter
1248 2965 1287 3032 et
1313 2960 1572 3030 emanaturum.

937 3219 980 3282 (9.
997 3207 1172 3281 februarii).

521 3349 600 3412 Item
632 3348 764 3410 domina
797 3348 960 3409 Jeronima
994 3347 1101 3410 relicta
1135 3347 1272 3408 condam
1308 3345 1464 3408 Johannis
1495 3343 1606 3406 Thoth
1639 3341 1680 3404 de

417 3456 628 3518 Zomzedwar
659 3469 689 3518 et
721 3455 853 3516 donnino
886 3453 1048 3515 Jeronima
1081 3453 1146 3515 filia
1186 3453 1319 3536 predicti
1353 3452 1490 3515 condam
1524 3449 1680 3512 Johannis

417 3563 539 3641 Thoth,
556 3583 592 3623 ex
618 3562 733 3623 eodem
752 3575 782 3622 et
795 3581 832 3622 ex
846 3561 988 3643 predicta
1002 3559 1133 3621 domina
1155 3561 1318 3622 Jeronima
1336 3559 1493 3641 legittime
1511 3556 1679 3640 progenita

417 3683 448 3730 et
472 3683 647 3749 procreata,
672 3687 756 3728 nunc
774 3687 904 3729 consors
929 3667 1086 3747 legittima
1110 3667 1230 3728 strenui
1256 3667 1367 3728 militis
1392 3665 1541 3748 Henyngi
1569 3663 1680 3724 Theu-

417 3775 550 3852 thonici,
574 3775 736 3856 quandam
756 3773 889 3836 domum
907 3793 1016 3836 earum
1036 3787 1192 3836 muratam
1211 3775 1306 3836 simul
1324 3795 1396 3836 cum
1416 3772 1516 3834 fundo
1542 3785 1573 3833 et
1589 3770 1679 3831 bedi-

418 3880 496 3941 fieiis
521 3881 553 3940 in
579 3881 662 3941 dicta
687 3881 814 3941 civitate
840 3881 921 3941 inter
946 3881 1041 3941 aliam
1066 3880 1199 3941 domurn
1222 3900 1331 3941 earum
1357 3893 1526 3959 muratam,
1551 3881 1590 3939 ab
1616 3897 1680 3938 una

418 4001 517 4069 parte,
541 3989 580 4048 ab
606 3987 704 4048 altera
728 4007 804 4048 vero
836 4000 925 4069 parte
959 3988 1039 4048 inter
1071 3987 1205 4048 domum
1238 3987 1377 4068 ligneam
1411 4001 1441 4048 et
1470 3983 1606 4046 fundum
1642 4004 1680 4045 ac

419 4091 565 4154 hedificia
591 4093 674 4154 Petri
699 4093 864 4174 piscatoris
893 4093 1053 4172 habitam,
1079 4113 1175 4154 unam
1208 4113 1280 4154 cum
1310 4093 1417 4154 media
1441 4092 1562 4153 curiam
1589 4091 1620 4151 in
1645 4111 1679 4152 se

419 4199 649 4278 continentem,
675 4199 813 4260 elaustro
839 4197 1077 4261 Heremitarum
1104 4201 1194 4261 beate
1212 4219 1338 4282 semper
1361 4199 1495 4279 virginis
1520 4199 1621 4259 Mario
1640 4197 1680 4257 de

419 4306 642 4386 promontorio
667 4305 873 4385 Zagrabiensi
898 4321 929 4367 et
960 4304 1109 4368 fratribus
1135 4307 1372 4368 Heremitarum
1398 4325 1483 4367 nunc
1508 4305 1538 4366 in
1565 4305 1679 4366 eodem

419 4412 556 4473 claustro
574 4413 849 4474 commorantibus
866 4425 896 4474 et
914 4414 945 4474 in
964 4412 1107 4475 futurum
1127 4414 1377 4492 commorandis,
1394 4427 1461 4476 tum
1479 4433 1537 4495 pro
1554 4425 1680 4494 septua-

418 4519 507 4598 ginta
531 4531 562 4579 et
586 4538 651 4579 uno
676 4518 746 4580 flor.
771 4521 838 4580 auri
857 4540 892 4581 ac
917 4540 975 4602 pro
1000 4533 1128 4582 centum
1152 4533 1183 4582 et
1199 4520 1434 4602 quinquaginta
1459 4540 1513 4581 sex
1543 4519 1682 4580 denariis

419 4625 512 4684 certis
536 4625 747 4686 creditoribus
772 4625 915 4708 ipsorum
940 4626 1095 4688 Johannis
1119 4626 1228 4688 Thoth
1254 4639 1284 4687 et
1308 4626 1439 4687 domine
1464 4627 1627 4687 ieronime
1645 4646 1681 4686 ac

420 4729 550 4790 domine
576 4729 737 4792 Dorotbee
762 4732 857 4813 plene
882 4733 1063 4814 persolutis,
1087 4747 1155 4793 tum
1187 4733 1288 4794 eciam
1314 4734 1356 4795 ob
1380 4753 1471 4816 spem
1495 4752 1606 4794 earum
1631 4753 1681 4794 sa-

420 4832 591 4914 lutiferam,
616 4857 712 4918 quam
739 4837 805 4919 ipse
838 4839 869 4898 in
903 4839 1044 4920 predicta
1078 4859 1204 4923 semper
1228 4840 1350 4920 virgine
1383 4841 1482 4901 Maria
1509 4839 1681 4920 habebant,

420 4939 581 5002 donarunt
598 4955 628 5003 et
652 4943 865 5006 vendiderunt
889 4959 1045 5027 perpetuo
1070 4947 1295 5029 possidendam
1322 4960 1352 5007 et
1376 4947 1549 5029 superinde
1574 4961 1620 5009 est
1644 4947 1676 5008 ti.

419 5057 484 5105 tera
508 5048 567 5107 sub
592 5048 744 5128 pendenti
770 5050 876 5129 sigillo
902 5053 1142 5114 communitatis
1167 5069 1323 5116 emanata.
