3832 5804
782 543 869 600 Anno
893 555 982 618 1452.
1456 562 1514 623 ¹37

252 753 334 814 dicta
359 753 487 814 civitate
519 754 601 814 inter
631 755 778 814 semitam
810 773 1014 815 communem
1040 775 1057 814 a
1089 755 1328 836 septemtrione,
1365 769 1395 816 et
1430 756 1512 818 inter

252 859 385 921 domum
412 859 561 938 Gregorii
586 859 772 942 Agychych,
790 879 807 920 a
826 859 1005 921 meridione
1029 835 1148 938 habita,
1167 861 1307 922 mediam
1332 862 1452 923 curiam
1471 861 1513 922 ad

252 985 345 1028 usum
370 966 507 1028 civitatis
532 967 564 1026 in
589 986 621 1027 se
646 966 825 1044 continens,
843 986 941 1046 quam
960 966 1128 1049 Philippus
1145 967 1329 1030 candelator
1354 967 1515 1030 Clementi

252 1073 290 1133 de
317 1073 447 1152 Posega‚
474 1087 508 1133 ut
532 1092 618 1134 novo
642 1072 768 1134 concivi
793 1086 913 1150 nostro,
939 1091 996 1154 pro
1026 1087 1109 1134 certa
1135 1074 1269 1155 pecunia
1295 1073 1452 1154 vendidit,
1471 1089 1517 1136 est

251 1179 309 1239 sub
341 1179 493 1260 pendenti
527 1179 634 1259 sigillo
668 1179 907 1240 communitatis
940 1178 1182 1260 privilegialiter
1213 1193 1328 1242 statuta
1361 1196 1516 1263 perpetuo

254 1285 457 1366 possidenda.

357 1390 435 1451 ltem
461 1390 594 1452 domina
619 1394 728 1472 Agnes
752 1390 859 1453 relicta
884 1392 1021 1452 condam
1052 1391 1229 1452 Clementis
1255 1391 1408 1454 institoris
1433 1413 1518 1454 nunc

251 1517 383 1558 consors
407 1497 563 1578 legittima
582 1497 745 1558 Dominici
770 1497 898 1558 sartoris
916 1495 972 1558 filii
998 1497 1100 1575 Pauli,
1117 1498 1197 1558 duas
1222 1511 1325 1578 partes
1349 1498 1515 1560 cuiusdam

251 1603 378 1681 domus,
403 1602 494 1664 fundi
519 1619 549 1664 er
574 1601 797 1664 hedifieiorum
816 1603 847 1664 in
874 1603 958 1664 dicta
982 1605 1109 1665 civitate
1135 1604 1217 1664 inter
1239 1604 1373 1666 domum
1391 1605 1516 1666 Nicolai

249 1709 395 1798 ‚Berthun
421 1723 451 1771 et
476 1709 562 1770 Luce
587 1728 622 1772 ac
648 1710 727 1791 Elye
753 1721 899 1772 sutorum
933 1710 1052 1788 habire,
1078 1730 1174 1771 unam
1199 1726 1348 1792 quartam
1374 1711 1460 1773 curie
1486 1712 1517 1772 in

251 1836 282 1876 se
308 1816 520 1894 continentes,
545 1829 577 1878 et
601 1816 805 1878 medietatem
831 1815 998 1878 cuiusdam
1029 1818 1120 1877 vinee
1146 1831 1176 1878 et
1201 1817 1334 1897 virgulti
1359 1818 1420 1880 sibi
1444 1819 1517 1879 sub·

252 1921 394 2002 jacentis,
419 1922 451 1982 in
476 1909 637 1982 territorio
671 1936 781 1983 nostro
815 1923 897 1984 inter
925 1923 1052 1984 vineam
1085 1923 1261 1985 liberorum
1294 1923 1431 1985 condam
1456 1924 1516 1986 Mi·

252 2029 370 2090 chaelis
393 2027 573 2110 freniparis‚
598 2049 615 2089 a
640 2028 831 2106 meridione,
866 2043 896 2090 et
924 2029 1006 2090 inter
1037 2029 1151 2090 silvam
1177 2029 1352 2091 liberorum
1379 2030 1517 2092 condam

255 2135 336 2196 Petri
375 2135 570 2196 balneatoris
602 2134 708 2195 habite
740 2135 845 2214 sitam,
877 2155 949 2196 cum
986 2135 1128 2217 ipsorum
1161 2135 1369 2218 pertinenciis
1393 2137 1517 2219 prelato

252 2241 425 2303 Dominico
450 2242 563 2302 sartori
598 2241 755 2302 moderno
789 2243 858 2302 viro
882 2261 951 2320 suo,
986 2256 1020 2304 ut
1051 2262 1136 2304 novo
1161 2243 1285 2304 concivi
1311 2258 1433 2322 nostro,
1458 2245 1515 2306 do-

251 2349 338 2409 navit
362 2362 518 2430 perpetuo
543 2347 754 2430 possidendas
778 2362 809 2409 et
822 2349 994 2432 superinde
1007 2349 1067 2410 sibi
1091 2363 1138 2412 est
1160 2349 1250 2412 litera
1275 2353 1334 2413 sub
1359 2351 1512 2433 pendenti

251 2455 360 2536 sigillo
385 2455 626 2516 communitatis
650 2467 807 2518 emanata.

358 2562 435 2623 Item
461 2561 584 2644 Symon
608 2563 826 2644 carpentarius
850 2561 930 2623 duas
953 2577 1058 2644 partes
1086 2563 1255 2626 cuiusdam
1279 2579 1360 2627 terre
1385 2565 1517 2628 arabilis

252 2669 350 2749 vulgo
375 2669 534 2751 Dulsycza
560 2669 655 2747 dicte,
680 2669 712 2730 in
738 2688 853 2752 campo
874 2682 904 2730 et
928 2670 1091 2732 territorio
1107 2671 1244 2733 civitatis
1268 2672 1409 2754 predicte
1434 2672 1516 2734 inter

252 2789 368 2836 terram
394 2775 574 2838 Sebastiani
602 2774 765 2855 Soldioar‚
789 2776 828 2836 ab
862 2775 996 2853 oriente,
1029 2791 1060 2838 et
1084 2777 1166 2838 inter
1199 2791 1316 2838 terram
1339 2777 1516 2840 liberorum

252 2881 388 2942 condam
414 2880 514 2965 Frycz
537 2879 643 2962 jurati,
669 2881 708 2942 ab
733 2881 900 2942 occidente
925 2880 1045 2959 habite,
1062 2881 1187 2965 prelato
1206 2883 1378 2946 Dominico
1403 2885 1516 2947 sartori

252 2987 398 3049 vendidit
421 3001 578 3070 perpetuo
602 2986 813 3069 possidendas
838 3001 868 3049 et
892 2988 1064 3070 superinde
1089 3003 1136 3052 est
1162 2990 1255 3052 litera
1279 2992 1338 3052 sub
1362 2991 1517 3073 pendenti

252 3094 358 3176 sigillo
384 3095 624 3156 communitatis
649 3107 806 3158 emanata.

358 3200 437 3262 ltem
464 3200 560 3282 Elyas
583 3200 706 3262 Judeus
722 3198 807 3262 filius
825 3199 976 3285 Symonis
993 3201 1200 3264 medietatem
1223 3203 1390 3266 cuiusdam
1407 3203 1517 3288 (h)orti

253 3307 284 3368 in
310 3307 466 3368 suburbio
492 3307 628 3368 civitatis
644 3307 788 3389 predicte
814 3307 845 3368 in
864 3307 1026 3370 vicinitate
1044 3307 1153 3389 (h)orti
1172 3308 1304 3391 Georgii
1330 3311 1424 3392 jurati
1441 3311 1517 3374 dicti

253 3415 354 3492 lurse,
379 3435 396 3475 a
421 3429 510 3496 parte
535 3414 678 3476 eiusdem
704 3413 813 3496 (h)orti
838 3414 937 3496 ipsius
967 3413 1100 3496 Georgii
1124 3415 1217 3497 jurati
1242 3416 1347 3497 sitam,
1373 3417 1518 3499 Georgio

253 3517 383 3603 pellifici
409 3518 476 3581 filio
502 3517 657 3602 Stephani
680 3520 784 3602 jurato
809 3533 919 3582 nostro
940 3521 1098 3582 moderno
1124 3540 1181 3604 pro
1206 3536 1328 3606 septem
1354 3523 1425 3588 flor.
1450 3525 1517 3586 auri

255 3626 400 3688 vendidit
423 3639 580 3709 perpetuo
597 3625 838 3709 possidendam,
871 3641 902 3689 et
926 3627 1031 3689 eidem
1066 3626 1209 3710 Georgio
1240 3629 1344 3710 jurato
1370 3631 1519 3712 magister

254 3732 401 3794 Matheus
425 3731 518 3816 Llilius
554 3733 640 3794 Luce
674 3734 817 3794 notarius
850 3747 957 3795 noster
990 3733 1164 3796 modernus
1196 3735 1357 3818 quandam
1390 3737 1517 3798 vineam

253 3859 342 3902 suam
368 3839 557 3902 Jelenschak
581 3853 727 3901 vocatam
753 3859 810 3922 pro
835 3841 947 3921 viginti
981 3839 1050 3906 fior.
1080 3843 1149 3903 auri
1182 3841 1328 3905 vendidit
1358 3857 1515 3925 perpetuo

253 3947 494 4028 possidendam,
519 3959 549 4008 et
572 3947 745 4029 superinde
763 3947 869 4009 eidem
903 3947 1056 4028 magistro
1082 3947 1225 4030 Georgio
1257 3948 1389 4031 pollitici
1413 3949 1517 4032 jurato

251 4067 326 4115 sunt
350 4053 442 4116 litere
467 4055 527 4114 sub
552 4053 705 4136 pendenti
730 4053 837 4135 sigillo
862 4053 1102 4114 communitatis
1126 4069 1282 4118 emanate.

359 4159 437 4220 Item
464 4159 604 4240 quedam
622 4159 714 4220 vinea
733 4159 888 4221 Johannis
905 4159 996 4221 aliter
1014 4159 1099 4221 lwan
1117 4160 1222 4222 vocati
1243 4161 1333 4223 Turlr
1352 4163 1518 4242 cognomi·

253 4267 318 4328 nati
344 4267 377 4328 in
402 4267 564 4328 territorio
589 4266 725 4327 civitatis
750 4266 831 4328 inter
856 4266 983 4327 vineam
1015 4266 1190 4328 liberorum
1219 4287 1275 4328 seu
1299 4287 1517 4330 successorum

252 4372 389 4434 condam
408 4372 562 4434 lobannis
585 4372 734 4455 lapicide,
752 4374 791 4435 ab
808 4392 872 4435 una
890 4387 988 4455 parte,
1014 4386 1045 4434 et
1061 4387 1150 4456 parte
1168 4375 1207 4435 ab
1230 4373 1330 4435 altera
1353 4373 1516 4436 Valentini

251 4478 365 4561 judicis
382 4477 500 4558 habita,
517 4498 573 4560 per
590 4479 807 4561 negligentem
825 4481 1105 4542 conservacionem
1124 4481 1223 4563 ipsius
1239 4479 1395 4542 lobannis
1413 4481 1515 4560 Turk,

254 4586 329 4666 quia
356 4585 422 4668 ipse
447 4586 587 4668 priorem
612 4587 737 4648 literam
761 4606 851 4647 suam
875 4607 970 4668 super
996 4587 1109 4648 eadem
1134 4589 1226 4649 vinea
1251 4585 1431 4650 conlectam
1455 4588 1518 4649 dis·

253 4692 357 4771 traxit,
382 4713 464 4754 nova
490 4693 580 4756 litera
607 4693 799 4776 privilegiali
824 4695 883 4755 sub
900 4694 1053 4776 pendenti
1082 4695 1189 4776 sigillo
1215 4695 1456 4757 communitatis
1473 4709 1519 4756 est

255 4797 439 4860 confirmata
465 4813 620 4881 perpetuo
645 4799 850 4882 possidenda,

362 4906 440 4968 ltem
467 4907 623 4968 Martinus
647 4907 743 4986 judex
779 4905 863 4967 filius
888 4906 1018 4968 Thome
1051 4921 1082 4967 et
1106 4913 1214 4988 Agnes
1246 4909 1355 4970 relicta
1380 4907 1517 4970 condam

256 5013 419 5076 Dominici
444 5013 645 5096 Marsethych
683 5013 895 5076 commissarii
927 5029 957 5074 et
986 5027 1171 5076 executores
1204 5013 1309 5076 ultimi
1334 5015 1516 5077 testamenti
