3854 5798
435 1651 438 1658 .
552 1575 681 1681 (Anno
709 1574 865 1662 Domini
893 1570 1235 1673 nosocomia.)

280 1917 369 1994 Item
392 1919 427 1993 in
447 1941 541 1994 anno
562 1916 705 1992 Domini
727 1915 914 1992 millesimo
935 1914 1289 2016 quadringentesimo
1310 1912 1543 2012 sexagesimo

282 2053 426 2134 octavo,
454 2051 620 2141 tempore
643 2041 824 2138 judicatus
846 2038 1005 2117 Conradi
1034 2039 1189 2114 Rawsar
1216 2037 1274 2114 filii
1305 2033 1430 2125 Vlrici,
1460 2037 1543 2112 loco

281 2167 434 2242 condam
462 2165 632 2241 Anthonii
662 2165 765 2256 Rott,
788 2163 929 2262 judicis,
957 2163 1050 2240 feria
1078 2161 1238 2238 secunda
1266 2162 1428 2262 proxima
1456 2167 1541 2235 ante

281 2291 412 2367 festum
449 2291 558 2366 beate
596 2289 707 2365 llarie
758 2289 907 2388 virginis
945 2285 1214 2363 Purificacionis
1260 2287 1421 2386 proxime
1458 2307 1542 2360 ven-

280 2422 408 2505 turum,
438 2415 603 2513 (presens
633 2412 839 2490 cathernum
868 2411 1103 2507 estfactum)
1140 2434 1249 2511 super
1279 2409 1544 2509 registracione

283 2546 322 2614 et
359 2537 642 2637 consignacione
670 2537 852 2612 literarum
881 2534 1152 2635 privilegialium
1182 2535 1306 2610 civium
1345 2541 1383 2609 et
1409 2532 1542 2608 inhabi-

307 2669 465 2737 tatorum
496 2661 650 2736 civitatis
679 2667 883 2760 prenotate,
912 2658 1020 2734 modo
1050 2667 1088 2734 et
1115 2658 1240 2734 ordine
1268 2657 1517 2757 infrascriptis,

791 2931 833 3004 (J.
855 2925 1032 3006 februarii).

387 3088 455 3149 Nos
478 3087 694 3149 communitas
718 3086 855 3149 civitatis
880 3087 1169 3168 Montisgrecensis.
1199 3087 1355 3149 Memorie
1379 3105 1542 3148 commen·

283 3193 396 3256 damus
408 3208 520 3256 tenore
538 3193 741 3276 presencium
759 3192 975 3276 significantes
991 3194 1109 3275 quibus
1126 3193 1254 3276 expedit
1270 3193 1438 3272 universis,
1455 3191 1544 3274 quod

282 3299 416 3382 provida
443 3315 475 3364 et
498 3300 632 3363 honesta
656 3298 772 3363 mulier
802 3301 918 3364 Vrsula
934 3314 1045 3363 vocata
1071 3301 1275 3384 Magdychna
1299 3320 1429 3364 consors
1453 3300 1544 3381 legit·

282 3407 360 3469 tima
394 3407 523 3470 Thome
555 3408 684 3470 sartoris
716 3407 755 3468 de
789 3405 1022 3492 Garyghnycza
1058 3407 1193 3469 senioris
1225 3407 1318 3489 jurati
1351 3421 1381 3469 et
1404 3407 1545 3469 concivis

282 3514 393 3594 nostri,
417 3515 449 3575 id
475 3533 547 3576 cum
572 3513 744 3576 sufficienti
770 3527 800 3576 et
833 3512 996 3594 fidedigno
1029 3528 1211 3576 nostrorum
1244 3513 1426 3576 concivium
1458 3513 1544 3575 testi·

283 3621 394 3682 monio
420 3620 544 3684 insede
561 3635 667 3682 nostra
686 3620 851 3703 judiciaria
876 3620 960 3682 clare
977 3621 1210 3703 comprobavit,
1229 3634 1263 3682 ut
1280 3621 1355 3702 quia
1378 3619 1543 3702 quoddam

282 3727 507 3790 molendinum
532 3728 693 3808 censuale,
718 3727 952 3807 condicionale‚
977 3727 1073 3789 simul
1102 3747 1174 3789 cum
1199 3728 1290 3789 terris
1313 3727 1488 3789 arabilibus
1504 3727 1545 3788 si·

282 3834 402 3897 militer
433 3834 713 3897 condicionalibus
737 3835 842 3896 eidem
874 3834 1063 3896 molendino
1097 3836 1156 3896 sub
1189 3849 1220 3896 et
1250 3833 1480 3914 adjacentibus,
1504 3833 1544 3895 ad

284 3940 405 4003 dictum
430 3941 656 4003 molendinum
689 3941 917 4022 spectantibus,
951 3942 982 4002 in
1015 3941 1098 4004 dicte
1130 3941 1267 4004 civitatis
1294 3941 1455 4003 territorio
1480 3941 1544 4002 exi-

282 4047 451 4126 stentibus,
465 4047 602 4110 condam
621 4048 715 4111 Petro
739 4049 914 4110 Teuertico
931 4047 1158 4110 archidiacono
1176 4048 1215 4110 de
1233 4047 1371 4109 Kemlek
1395 4061 1426 4108 et
1449 4065 1544 4108 cano-

283 4154 357 4215 nico
381 4153 514 4216 ecclesie
539 4155 766 4234 zagrabiensis,
791 4155 869 4216 olim
899 4156 1023 4216 concivi
1049 4169 1170 4234 nostr0,
1202 4174 1260 4237 pro
1285 4167 1369 4216 certa
1394 4155 1544 4236 pecunia-

282 4280 353 4322 rum
378 4280 526 4343 sumpma
551 4259 612 4322 fuit
636 4275 667 4323 et
690 4275 756 4324 erat
777 4261 1029 4344 inpignoratum,
1054 4261 1141 4342 quod
1159 4261 1382 4323 molendinum
1409 4280 1444 4321 ac
1462 4261 1546 4341 ipsas

281 4381 380 4430 terras
397 4368 533 4430 arabiles
550 4369 617 4451 ipse
635 4368 787 4430 dominus
805 4369 916 4430 Petrus
932 4367 1177 4430 archidiaconus
1194 4367 1225 4428 in
1250 4387 1309 4429 suo
1334 4367 1450 4428 ultimo
1468 4383 1544 4428 voto

282 4475 459 4538 Benedicto
484 4477 576 4538 aliter
608 4476 755 4559 Mylycza
788 4475 875 4537 dicto
908 4476 1017 4558 nepoti
1050 4495 1108 4536 suo
1141 4474 1277 4556 legasset
1309 4487 1339 4535 et
1373 4473 1546 4536 dimisisset

282 4581 514 4664 possidendum
539 4581 625 4664 juxta
657 4582 884 4644 condicionem
916 4581 1053 4644 civitatis
1080 4595 1256 4664 prenotate.
1294 4579 1442 4642 Tandem
1468 4599 1544 4642 vero

283 4675 369 4750 idem
394 4688 588 4751 Benedictus
613 4689 760 4773 Mylycza
791 4689 945 4752 directam
970 4703 1001 4751 et
1032 4688 1181 4771 equalem
1214 4687 1420 4749 medietatem
1446 4687 1546 4770 ipsius

284 4794 464 4857 molendini
490 4809 521 4856 et
544 4809 698 4857 terrarum
716 4796 886 4858 arabilium
904 4795 1028 4878 prelato
1047 4795 1176 4856 Thome
1197 4795 1309 4857 sartori
1335 4797 1545 4878 propinasset,

283 4899 380 4961 sliam
404 4921 481 4962 vero
506 4901 724 4982 medietatem,
742 4921 839 4984 quarn
857 4903 917 4964 sibi
941 4915 1143 4980 reservasset,
1161 4915 1315 4964 annotato
1340 4901 1469 4963 Thome
1487 4923 1545 4984 pro

283 5021 368 5070 certa
391 5027 539 5090 sumpma
564 5010 774 5091 pecuniarum
798 5011 884 5093 juxta
916 5010 1141 5072 condicionem
1175 5009 1258 5072 dicte
1283 5009 1420 5072 civitatis
1444 5011 1544 5093 possi-
