3840 5810
417 515 457 556 22
929 495 1016 552 Anao
1040 507 1131 571 1443.

526 709 603 770 ltem
629 708 822 769 Benedictus
847 707 939 768 aliter
964 707 1072 769 Bedek
1101 721 1233 768 vocatus
1256 704 1341 766 filius
1367 690 1504 766 condam
1528 703 1684 766 lobannis

418 817 506 899 parvi
531 815 607 877 dicti
634 815 829 894 Krathchen,
855 814 1063 876 medietatem
1082 813 1249 875 cuiusdam
1267 827 1349 874 terre
1373 812 1502 874 arabilis
1519 812 1550 874 in
1569 829 1683 894 campo

419 936 528 983 nostro
552 941 608 984 seu
632 921 769 983 civitatis
792 922 933 1002 predicte
959 921 1041 982 inter
1067 934 1166 982 terras
1183 919 1358 981 liberorum
1377 919 1513 981 condam
1532 918 1684 1001 Symonis

417 1027 474 1090 filii
500 1028 655 1090 Johannis
679 1028 718 1088 de
744 1027 876 1110 Dedych
909 1041 940 1090 et
972 1030 1056 1088 viam
1089 1047 1298 1089 communem
1323 1046 1382 1109 zep
1414 1026 1544 1104 dictam,
1567 1045 1602 1087 ac
1627 1026 1681 1086 de·

417 1156 513 1217 super
537 1137 619 1197 inter
643 1150 758 1196 terram
784 1135 961 1196 liberorum
987 1135 1123 1196 condam
1155 1134 1281 1196 Nicolai
1315 1132 1540 1216 Lippouschak
1564 1131 1683 1212 habite,

418 1242 498 1304 duas
528 1243 679 1304 videlicet
711 1261 783 1302 cum
817 1241 921 1302 media
953 1241 1055 1303 dietas
1086 1255 1168 1302 terre
1200 1242 1251 1302 vel
1283 1241 1360 1302 citra
1386 1241 1417 1300 in
1442 1260 1474 1300 se
1499 1241 1681 1317 habentem,

418 1350 552 1432 provide
577 1350 704 1411 mulieri
731 1349 932 1430 Margarethe
972 1361 1083 1410 vocate
1115 1368 1201 1408 nunc
1225 1347 1364 1409 consorti
1391 1347 1547 1428 legittime
1571 1349 1680 1427 Augu-

417 1456 491 1518 stini
516 1456 609 1536 jurati
635 1475 693 1538 pro
718 1455 809 1516 totali
833 1456 929 1516 tercia
960 1469 1047 1536 parte
1074 1454 1242 1516 cuiusdam
1260 1454 1353 1514 vinee
1373 1453 1404 1514 in
1430 1453 1589 1514 territorio
1606 1453 1682 1514 civi·

417 1563 489 1623 tatis
513 1562 654 1644 predicte
692 1561 774 1622 inter
800 1563 909 1622 vineas
932 1561 1108 1622 liberorum
1142 1561 1278 1622 condam
1313 1559 1446 1641 Georgii
1471 1559 1682 1644 Zupanichyu

418 1683 449 1730 et
473 1667 558 1728 lwan
584 1667 659 1730 dicti
679 1667 872 1745 Truntbich,
890 1681 1072 1729 nostrorum
1099 1667 1293 1744 concivium,
1311 1666 1429 1744 habite,
1453 1686 1512 1748 pro
1528 1666 1681 1748 porcione

417 1774 567 1835 videlicet
592 1774 736 1836 eiusdem
763 1773 963 1856 Margarethe
997 1775 1141 1834 mulieris
1170 1794 1225 1852 per
1258 1773 1391 1835 modum
1431 1773 1682 1856 permutaciouis

418 1895 464 1943 est
490 1883 562 1943 data
588 1895 743 1964 perpetuo
769 1881 964 1963 possidenda
989 1895 1019 1942 et
1051 1881 1224 1962 superinde
1250 1896 1296 1941 est
1328 1881 1418 1942 litera
1443 1882 1502 1941 sub
1527 1879 1679 1962 pendenti

417 1987 524 2069 sigillo
549 1988 789 2048 communitatis
813 1987 1055 2069 privilegialiter
1079 2001 1235 2050 emanata.

526 2095 603 2156 ltem
629 2096 767 2155 lacobus
792 2093 877 2155 filius
901 2094 1038 2156 condam
1064 2095 1147 2156 Petri
1181 2094 1313 2176 Saphar,
1345 2095 1425 2156 alias
1452 2094 1581 2175 juratus,
1605 2114 1678 2156 con-

418 2201 563 2282 civisque
588 2214 706 2278 noster,
731 2201 762 2260 in
788 2220 843 2260 sua
869 2214 899 2262 et
925 2199 1101 2282 Elyzabetlr
1128 2201 1235 2282 puelle
1260 2199 1322 2262 filie
1340 2221 1396 2261 sue
1420 2201 1574 2283 personis,
1599 2220 1680 2262 onus

418 2323 449 2370 et
474 2326 648 2388 gravamen
675 2307 819 2368 eiusdem
846 2305 909 2367 filie
934 2327 989 2367 sue
1015 2308 1045 2366 in
1064 2327 1096 2366 se
1122 2307 1227 2389 ipsum
1251 2320 1364 2389 sponte
1383 2327 1439 2388 per
1462 2308 1571 2368 omnia
1595 2327 1679 2368 assu-

418 2415 548 2492 mend0,
573 2413 735 2494 quandam
767 2429 883 2474 terram
911 2433 1001 2475 suam
1026 2414 1180 2476 arabilem
1206 2415 1310 2496 ipsum
1336 2434 1408 2475 cum
1442 2414 1583 2496 predicta
1614 2413 1678 2476 filia

417 2541 473 2582 sua
498 2520 567 2601 jure
591 2520 786 2582 hereditario
810 2535 1069 2599 concernentem,
1087 2521 1119 2582 in
1141 2522 1296 2582 suburbio
1314 2535 1345 2583 et
1361 2522 1521 2583 territorio
1545 2523 1681 2584 civitatis

418 2627 561 2710 predicte
587 2627 668 2688 inter
693 2626 845 2709 (h)ortum
871 2628 1014 2689 virorum
1041 2627 1250 2709 providorum
1269 2628 1360 2688 Pauli
1377 2627 1535 2691 sellatoris
1560 2643 1590 2690 et
1607 2628 1680 2690 Cle·

419 2735 534 2796 mentis
565 2733 744 2816 freniparis,
776 2755 793 2796 a
826 2735 1075 2816 septemtrione,
1105 2747 1136 2796 et
1168 2735 1250 2797 inter
1280 2749 1396 2796 terram
1431 2735 1563 2796 ecclesie
1588 2737 1678 2798 beate

419 2840 620 2922 Margarethe
644 2841 778 2923 virginis
802 2855 886 2903 retro
911 2841 1047 2903 eandem
1076 2842 1244 2904 ecclesiam
1277 2843 1368 2904 beate
1394 2842 1594 2924 Margarethe
1618 2843 1679 2904 vir-

417 2948 502 3029 ginis
526 2968 561 3010 ac
586 2948 668 3009 inter
691 2961 808 3010 terram
834 2949 987 3010 arabilem
1013 2947 1145 3010 domine
1172 2949 1323 3011 Anthone
1346 2963 1377 3012 et
1400 2950 1482 3010 iuter
1505 2949 1585 3010 duas
1612 2952 1678 3012 vias

419 3073 607 3116 communes
631 3054 771 3116 habitam
798 3068 828 3116 et
861 3055 1060 3134 existentem,
1088 3076 1142 3116 sex
1173 3057 1224 3116 vel
1248 3056 1325 3117 citra
1359 3056 1460 3118 dietas
1483 3071 1564 3118 terre
1590 3058 1621 3118 in
1646 3078 1678 3118 se

419 3161 657 3240 continentem,
690 3161 834 3243 predicto
860 3163 1042 3243 Augustino
1074 3162 1177 3242 jurato
1209 3161 1276 3224 filio
1301 3163 1392 3224 Pauli
1424 3183 1482 3246 pro
1515 3165 1678 3247 sexaginta

419 3267 488 3330 flor.
513 3267 581 3328 auri
607 3269 752 3330 vendidit
770 3283 925 3350 perpetuo
952 3269 1178 3350 possidendam
1205 3284 1235 3332 et
1252 3271 1424 3351 superinde
1443 3285 1489 3334 est
1512 3272 1602 3334 litera
1619 3273 1678 3334 sibi

418 3375 477 3434 snb
503 3373 655 3454 pendenti
680 3374 789 3454 sigillo
814 3376 1054 3436 communitatis
1078 3391 1235 3438 emanata.

525 3480 602 3540 ltem
628 3479 790 3541 Johanues
814 3495 915 3542 sartor
950 3481 1035 3543 lilius
1057 3483 1196 3564 Philippi
1221 3483 1261 3545 de
1287 3482 1491 3565 Opporowcz
1516 3485 1678 3566 quandam

419 3586 553 3648 domum
578 3606 670 3648 suam
695 3606 769 3647 cum
787 3585 888 3649 fundo
902 3603 932 3649 et
958 3588 1075 3649 celario
1089 3591 1297 3652 subterraneo
1314 3611 1350 3652 ac
1367 3589 1523 3652 hedificiis
1547 3593 1577 3653 in
1596 3593 1679 3654 dicta

418 3693 545 3754 civitate
570 3693 653 3754 inter
677 3693 811 3755 domum
839 3696 999 3756 Ambrosii
1026 3694 1083 3756 filii
1111 3695 1289 3758 Clementis
1314 3697 1468 3758 institoris
1492 3712 1523 3759 et
1546 3699 1679 3780 provide

418 3799 562 3859 mulieris
587 3798 687 3860 Eleus
712 3800 804 3862 aliter
830 3802 931 3863 Kussa
956 3817 1078 3881 vocate,
1110 3805 1149 3864 ab
1175 3823 1237 3865 una
1270 3817 1369 3885 parte,
1393 3817 1424 3867 et
1454 3817 1543 3887 parte
1568 3807 1607 3867 ab
1631 3806 1677 3867 al·

418 3917 483 3964 tera
510 3903 639 3987 Mathye
663 3907 803 3986 agricole
829 3922 859 3968 et
883 3907 1059 3970 liberorum
1086 3909 1169 3970 Petri
1202 3909 1333 3993 Sulyak,
1366 3924 1547 3972 nostrorum
1573 3913 1678 3974 conci-

418 4011 517 4088 vium,
542 4010 695 4090 habitam,
713 4013 853 4074 mediam
871 4015 990 4076 curiam
1018 4016 1050 4076 in
1067 4036 1100 4078 se
1117 4017 1350 4096 continentem,
1364 4019 1547 4098 Augustino
1575 4019 1677 4100 jurato

418 4115 485 4178 lilio
510 4117 600 4178 Pauli
626 4119 809 4199 supradicto
834 4141 892 4202 pro
918 4122 1062 4203 quinque
1081 4121 1139 4184 flor
1156 4123 1223 4184 auri
1243 4124 1389 4185 vendidit
1405 4138 1561 4206 perpetuo
1579 4126 1678 4207 possi-

418 4223 556 4283 dendam
583 4237 614 4284 et
636 4225 809 4306 superinde
832 4241 878 4288 est
909 4227 1000 4289 litera
1029 4230 1087 4290 sub
1120 4229 1273 4311 pendenti
1307 4231 1415 4311 sigillo
1440 4233 1680 4294 communitatis

418 4344 575 4390 emanata.

523 4437 601 4499 Item
627 4437 729 4518 major
753 4440 863 4521 porcio
889 4442 1056 4504 cuiusdam
1083 4445 1176 4505 vinee
1209 4445 1346 4506 condam
1374 4445 1506 4527 Georgii
1532 4446 1678 4529 Supany-

417 4543 499 4626 chyn
525 4543 582 4605 filii
607 4545 740 4606 Fabiani
774 4546 814 4608 de
844 4548 1011 4630 Rakarya‚
1045 4564 1129 4611 retro
1163 4552 1324 4613 civitatem
1359 4553 1441 4614 inter
1467 4553 1576 4614 vineas
1599 4554 1678 4615 libe·

418 4670 523 4711 rorum
550 4671 606 4711 seu
630 4671 849 4713 successorum
882 4655 1018 4716 condam
1052 4656 1213 4720 Valentini
1247 4658 1502 4744 Mungyachych,
1534 4680 1551 4722 a
1583 4661 1678 4722 meri-

418 4757 526 4834 dione,
551 4769 581 4818 et
606 4758 702 4819 Marci
737 4759 812 4820 dicti
838 4761 991 4822 Zwechar
1024 4761 1190 4842 habite,a
1224 4779 1311 4847 parte
1336 4765 1526 4828 meridiouis
1559 4765 1677 4846 habita,

417 4880 489 4922 cum
516 4861 628 4942 majori
661 4865 814 4944 porcione
839 4865 1028 4949 (hlortorum
1055 4882 1085 4931 et
1109 4871 1225 4932 stabuli
1259 4870 1365 4933 eidem
1391 4871 1505 4950 majori
1531 4874 1677 4954 porcioni

419 4967 534 5028 vineali
561 4969 764 5050 subjacentis,
789 4973 847 5032 sub
873 4975 966 5036 metis
993 4974 1074 5035 infra
1103 4978 1300 5058 expressatis,
1326 4977 1527 5059 Margarethe
1553 4979 1680 5040 mulieri
1759 5015 1762 5023 ·
