<?xml version="1.0" encoding="UTF-8"?>
<!DOCTYPE html PUBLIC "-//W3C//DTD XHTML 1.0 Transitional//EN"
    "http://www.w3.org/TR/xhtml1/DTD/xhtml1-transitional.dtd">
<html xmlns="http://www.w3.org/1999/xhtml" xml:lang="en" lang="en">
 <head>
  <title>
</title>
<meta http-equiv="Content-Type" content="text/html;charset=utf-8" />
  <meta name='ocr-system' content='tesseract 3.04.00' />
  <meta name='ocr-capabilities' content='ocr_page ocr_carea ocr_par ocr_line ocrx_word'/>
</head>
<body>
  <div class='ocr_page' id='page_1' title='image "./monumentahistor21laszgoog_0291.png"; bbox 0 0 3854 5798; ppageno 0'>
   <div class='ocr_carea' id='block_1_1' title="bbox 849 488 1588 572">
    <p class='ocr_par' dir='ltr' id='par_1_1' title="bbox 849 488 1588 572">
     <span class='ocr_line' id='line_1_1' title="bbox 849 488 1588 572; baseline 0.004 -25"><span class='ocrx_word' id='word_1_1' title='bbox 849 488 935 547; x_wconf 79' lang='lat' dir='ltr'>Anno</span> <span class='ocrx_word' id='word_1_2' title='bbox 958 489 1054 565; x_wconf 76' lang='lat'><em>1465.</em></span> <span class='ocrx_word' id='word_1_3' title='bbox 1525 509 1588 572; x_wconf 79' lang='lat'>247</span> 
     </span>
    </p>
   </div>
   <div class='ocr_carea' id='block_1_2' title="bbox 286 697 1587 5034">
    <p class='ocr_par' dir='ltr' id='par_1_2' title="bbox 319 697 1587 1740">
     <span class='ocr_line' id='line_1_2' title="bbox 322 697 1584 784; baseline 0.004 -24"><span class='ocrx_word' id='word_1_4' title='bbox 322 699 472 762; x_wconf 90' lang='lat' dir='ltr'>videlicet</span> <span class='ocrx_word' id='word_1_5' title='bbox 496 698 594 761; x_wconf 79' lang='lat' dir='ltr'>Blasii</span> <span class='ocrx_word' id='word_1_6' title='bbox 619 697 839 781; x_wconf 80' lang='lat' dir='ltr'>chzalxoych</span> <span class='ocrx_word' id='word_1_7' title='bbox 871 697 910 760; x_wconf 91' lang='lat' dir='ltr'>de</span> <span class='ocrx_word' id='word_1_8' title='bbox 943 697 1216 762; x_wconf 90' lang='lat' dir='ltr'>Gradecz-szenth</span> <span class='ocrx_word' id='word_1_9' title='bbox 1245 699 1338 762; x_wconf 91' lang='lat' dir='ltr'>Peter</span> <span class='ocrx_word' id='word_1_10' title='bbox 1362 721 1398 762; x_wconf 92' lang='lat' dir='ltr'>ac</span> <span class='ocrx_word' id='word_1_11' title='bbox 1429 721 1486 784; x_wconf 90' lang='lat' dir='ltr'>per</span> <span class='ocrx_word' id='word_1_12' title='bbox 1510 722 1584 765; x_wconf 91' lang='lat' dir='ltr'>eum</span> 
     </span>
     <span class='ocr_line' id='line_1_3' title="bbox 321 803 1586 889; baseline 0.002 -22"><span class='ocrx_word' id='word_1_13' title='bbox 321 805 422 889; x_wconf 89' lang='lat' dir='ltr'>ipsius</span> <span class='ocrx_word' id='word_1_14' title='bbox 445 803 618 866; x_wconf 81' lang='lat' dir='ltr'>heredibus</span> <span class='ocrx_word' id='word_1_15' title='bbox 642 824 700 887; x_wconf 92' lang='lat' dir='ltr'>pro</span> <span class='ocrx_word' id='word_1_16' title='bbox 725 805 865 886; x_wconf 88' lang='lat' dir='ltr'>quadam</span> <span class='ocrx_word' id='word_1_17' title='bbox 899 805 961 866; x_wconf 88' lang='lat' dir='ltr'>alia</span> <span class='ocrx_word' id='word_1_18' title='bbox 986 805 1085 866; x_wconf 92' lang='lat' dir='ltr'>domo</span> <span class='ocrx_word' id='word_1_19' title='bbox 1118 804 1264 867; x_wconf 90' lang='lat' dir='ltr'>eiusdem</span> <span class='ocrx_word' id='word_1_20' title='bbox 1297 806 1463 869; x_wconf 88' lang='lat' dir='ltr'>Benedicti</span> <span class='ocrx_word' id='word_1_21' title='bbox 1497 808 1586 870; x_wconf 92' lang='lat' dir='ltr'>insti·</span> 
     </span>
     <span class='ocr_line' id='line_1_4' title="bbox 321 910 1587 995; baseline 0.002 -22"><span class='ocrx_word' id='word_1_22' title='bbox 321 911 399 974; x_wconf 91' lang='lat' dir='ltr'>toris</span> <span class='ocrx_word' id='word_1_23' title='bbox 423 911 456 972; x_wconf 94' lang='lat' dir='ltr'>in</span> <span class='ocrx_word' id='word_1_24' title='bbox 481 911 565 973; x_wconf 90' lang='lat' dir='ltr'>dicta</span> <span class='ocrx_word' id='word_1_25' title='bbox 589 910 728 989; x_wconf 89' lang='lat' dir='ltr'>civitate,</span> <span class='ocrx_word' id='word_1_26' title='bbox 754 911 837 972; x_wconf 89' lang='lat' dir='ltr'>inter</span> <span class='ocrx_word' id='word_1_27' title='bbox 861 911 978 972; x_wconf 90' lang='lat' dir='ltr'>domos</span> <span class='ocrx_word' id='word_1_28' title='bbox 1002 926 1033 972; x_wconf 89' lang='lat' dir='ltr'>et</span> <span class='ocrx_word' id='word_1_29' title='bbox 1065 910 1183 973; x_wconf 85' lang='lat' dir='ltr'>fundos</span> <span class='ocrx_word' id='word_1_30' title='bbox 1207 912 1350 974; x_wconf 89' lang='lat' dir='ltr'>virorum</span> <span class='ocrx_word' id='word_1_31' title='bbox 1376 913 1587 995; x_wconf 90' lang='lat' dir='ltr'>providorum</span> 
     </span>
     <span class='ocr_line' id='line_1_5' title="bbox 320 1015 1587 1103; baseline 0.002 -25"><span class='ocrx_word' id='word_1_32' title='bbox 320 1015 475 1082; x_wconf 89' lang='lat' dir='ltr'>videlicet</span> <span class='ocrx_word' id='word_1_33' title='bbox 499 1015 614 1100; x_wconf 85' lang='lat' dir='ltr'>prefati</span> <span class='ocrx_word' id='word_1_34' title='bbox 638 1016 796 1079; x_wconf 84' lang='lat' dir='ltr'>Anthonii</span> <span class='ocrx_word' id='word_1_35' title='bbox 831 1016 980 1079; x_wconf 90' lang='lat' dir='ltr'>moderni</span> <span class='ocrx_word' id='word_1_36' title='bbox 1010 1017 1106 1100; x_wconf 87' lang='lat' dir='ltr'>jurati</span> <span class='ocrx_word' id='word_1_37' title='bbox 1138 1016 1195 1079; x_wconf 90' lang='lat' dir='ltr'>filii</span> <span class='ocrx_word' id='word_1_38' title='bbox 1221 1017 1353 1100; x_wconf 83' lang='lat' dir='ltr'><strong>Georgii</strong></span> <span class='ocrx_word' id='word_1_39' title='bbox 1380 1018 1587 1103; x_wconf 89' lang='lat' dir='ltr'>Oprasnycza</span> 
     </span>
     <span class='ocr_line' id='line_1_6' title="bbox 321 1124 1586 1207; baseline 0.002 -21"><span class='ocrx_word' id='word_1_40' title='bbox 321 1125 408 1204; x_wconf 91' lang='lat' dir='ltr'>dicti,</span> <span class='ocrx_word' id='word_1_41' title='bbox 433 1125 473 1186; x_wconf 92' lang='lat' dir='ltr'>ab</span> <span class='ocrx_word' id='word_1_42' title='bbox 494 1143 558 1186; x_wconf 91' lang='lat' dir='ltr'>una</span> <span class='ocrx_word' id='word_1_43' title='bbox 582 1137 682 1206; x_wconf 89' lang='lat' dir='ltr'>parte,</span> <span class='ocrx_word' id='word_1_44' title='bbox 707 1125 746 1186; x_wconf 91' lang='lat' dir='ltr'>ab</span> <span class='ocrx_word' id='word_1_45' title='bbox 779 1124 880 1186; x_wconf 89' lang='lat' dir='ltr'>altera</span> <span class='ocrx_word' id='word_1_46' title='bbox 913 1144 991 1187; x_wconf 91' lang='lat' dir='ltr'>vero</span> <span class='ocrx_word' id='word_1_47' title='bbox 1024 1125 1121 1187; x_wconf 86' lang='lat' dir='ltr'>Blasii</span> <span class='ocrx_word' id='word_1_48' title='bbox 1146 1125 1276 1187; x_wconf 89' lang='lat' dir='ltr'>sartoris</span> <span class='ocrx_word' id='word_1_49' title='bbox 1306 1127 1417 1207; x_wconf 83' lang='lat' dir='ltr'>generi</span> <span class='ocrx_word' id='word_1_50' title='bbox 1448 1128 1586 1189; x_wconf 88' lang='lat' dir='ltr'>condam</span> 
     </span>
     <span class='ocr_line' id='line_1_7' title="bbox 321 1229 1586 1314; baseline 0.002 -21"><span class='ocrx_word' id='word_1_51' title='bbox 321 1231 420 1293; x_wconf 87' lang='lat' dir='ltr'>Marci</span> <span class='ocrx_word' id='word_1_52' title='bbox 444 1229 597 1292; x_wconf 89' lang='lat' dir='ltr'>Zwechar</span> <span class='ocrx_word' id='word_1_53' title='bbox 621 1231 804 1293; x_wconf 88' lang='lat' dir='ltr'>concivium</span> <span class='ocrx_word' id='word_1_54' title='bbox 839 1245 1023 1294; x_wconf 88' lang='lat' dir='ltr'>nostrorum</span> <span class='ocrx_word' id='word_1_55' title='bbox 1059 1230 1202 1292; x_wconf 83' lang='lat' dir='ltr'>habitam</span> <span class='ocrx_word' id='word_1_56' title='bbox 1235 1245 1265 1292; x_wconf 90' lang='lat' dir='ltr'>et</span> <span class='ocrx_word' id='word_1_57' title='bbox 1289 1232 1489 1314; x_wconf 81' lang='lat' dir='ltr'>existentem,</span> <span class='ocrx_word' id='word_1_58' title='bbox 1521 1254 1586 1296; x_wconf 89' lang='lat' dir='ltr'>me·</span> 
     </span>
     <span class='ocr_line' id='line_1_8' title="bbox 320 1337 1585 1421; baseline 0.002 -21"><span class='ocrx_word' id='word_1_59' title='bbox 320 1337 406 1400; x_wconf 90' lang='lat' dir='ltr'>diam</span> <span class='ocrx_word' id='word_1_60' title='bbox 432 1337 465 1399; x_wconf 94' lang='lat' dir='ltr'>in</span> <span class='ocrx_word' id='word_1_61' title='bbox 489 1350 557 1400; x_wconf 92' lang='lat' dir='ltr'>toto</span> <span class='ocrx_word' id='word_1_62' title='bbox 582 1337 703 1400; x_wconf 90' lang='lat' dir='ltr'>curiam</span> <span class='ocrx_word' id='word_1_63' title='bbox 727 1337 767 1399; x_wconf 88' lang='lat' dir='ltr'>ad</span> <span class='ocrx_word' id='word_1_64' title='bbox 800 1357 893 1399; x_wconf 91' lang='lat' dir='ltr'>usum</span> <span class='ocrx_word' id='word_1_65' title='bbox 928 1338 1012 1400; x_wconf 92' lang='lat' dir='ltr'>dicte</span> <span class='ocrx_word' id='word_1_66' title='bbox 1046 1337 1183 1400; x_wconf 89' lang='lat' dir='ltr'>civitatis</span> <span class='ocrx_word' id='word_1_67' title='bbox 1207 1351 1278 1417; x_wconf 68' lang='lat' dir='ltr'>etc,</span> <span class='ocrx_word' id='word_1_68' title='bbox 1310 1359 1346 1401; x_wconf 86' lang='lat' dir='ltr'>ac</span> <span class='ocrx_word' id='word_1_69' title='bbox 1370 1359 1428 1421; x_wconf 92' lang='lat' dir='ltr'>pro</span> <span class='ocrx_word' id='word_1_70' title='bbox 1462 1340 1585 1402; x_wconf 90' lang='lat' dir='ltr'>addita·</span> 
     </span>
     <span class='ocr_line' id='line_1_9' title="bbox 320 1444 1586 1527; baseline 0.002 -21"><span class='ocrx_word' id='word_1_71' title='bbox 320 1458 429 1506; x_wconf 89' lang='lat' dir='ltr'>mento</span> <span class='ocrx_word' id='word_1_72' title='bbox 453 1457 592 1526; x_wconf 90' lang='lat' dir='ltr'>quatuor</span> <span class='ocrx_word' id='word_1_73' title='bbox 616 1463 690 1506; x_wconf 92' lang='lat' dir='ltr'>cum</span> <span class='ocrx_word' id='word_1_74' title='bbox 714 1444 824 1506; x_wconf 89' lang='lat' dir='ltr'>medio</span> <span class='ocrx_word' id='word_1_75' title='bbox 849 1445 917 1507; x_wconf 88' lang='lat' dir='ltr'>lior.</span> <span class='ocrx_word' id='word_1_76' title='bbox 935 1445 1003 1506; x_wconf 92' lang='lat' dir='ltr'>auri</span> <span class='ocrx_word' id='word_1_77' title='bbox 1026 1465 1082 1527; x_wconf 90' lang='lat' dir='ltr'>per</span> <span class='ocrx_word' id='word_1_78' title='bbox 1099 1446 1239 1506; x_wconf 89' lang='lat' dir='ltr'>eundem</span> <span class='ocrx_word' id='word_1_79' title='bbox 1266 1445 1475 1508; x_wconf 89' lang='lat' dir='ltr'>Benedictum</span> <span class='ocrx_word' id='word_1_80' title='bbox 1494 1447 1586 1510; x_wconf 90' lang='lat' dir='ltr'>aliter</span> 
     </span>
     <span class='ocr_line' id='line_1_10' title="bbox 320 1551 1584 1636; baseline 0.003 -24"><span class='ocrx_word' id='word_1_81' title='bbox 320 1551 431 1613; x_wconf 88' lang='lat' dir='ltr'>Benko</span> <span class='ocrx_word' id='word_1_82' title='bbox 455 1551 577 1613; x_wconf 85' lang='lat' dir='ltr'>dictum</span> <span class='ocrx_word' id='word_1_83' title='bbox 610 1551 715 1613; x_wconf 87' lang='lat' dir='ltr'>eidem</span> <span class='ocrx_word' id='word_1_84' title='bbox 750 1551 901 1612; x_wconf 87' lang='lat' dir='ltr'>Ladislao</span> <span class='ocrx_word' id='word_1_85' title='bbox 934 1552 1028 1633; x_wconf 91' lang='lat' dir='ltr'>plene</span> <span class='ocrx_word' id='word_1_86' title='bbox 1060 1552 1142 1612; x_wconf 88' lang='lat' dir='ltr'>datis</span> <span class='ocrx_word' id='word_1_87' title='bbox 1171 1565 1240 1631; x_wconf 74' lang='lat' dir='ltr'>etc,</span> <span class='ocrx_word' id='word_1_88' title='bbox 1266 1571 1322 1634; x_wconf 91' lang='lat' dir='ltr'>per</span> <span class='ocrx_word' id='word_1_89' title='bbox 1355 1555 1489 1616; x_wconf 89' lang='lat' dir='ltr'>modum</span> <span class='ocrx_word' id='word_1_90' title='bbox 1514 1575 1584 1636; x_wconf 89' lang='lat' dir='ltr'>per-</span> 
     </span>
     <span class='ocr_line' id='line_1_11' title="bbox 319 1656 1378 1740; baseline 0.001 -21"><span class='ocrx_word' id='word_1_91' title='bbox 319 1658 512 1720; x_wconf 89' lang='lat' dir='ltr'>mutacionis</span> <span class='ocrx_word' id='word_1_92' title='bbox 536 1672 567 1720; x_wconf 88' lang='lat' dir='ltr'>et</span> <span class='ocrx_word' id='word_1_93' title='bbox 591 1657 772 1720; x_wconf 77' lang='lat' dir='ltr'>concambii</span> <span class='ocrx_word' id='word_1_94' title='bbox 797 1657 937 1719; x_wconf 88' lang='lat' dir='ltr'>dedisset</span> <span class='ocrx_word' id='word_1_95' title='bbox 962 1672 1020 1722; x_wconf 90' lang='lat' dir='ltr'>etc.</span> <span class='ocrx_word' id='word_1_96' title='bbox 1044 1656 1113 1738; x_wconf 90' lang='lat' dir='ltr'>jure</span> <span class='ocrx_word' id='word_1_97' title='bbox 1136 1671 1292 1740; x_wconf 92' lang='lat' dir='ltr'>perpetuo</span> <span class='ocrx_word' id='word_1_98' title='bbox 1318 1671 1378 1720; x_wconf 88' lang='lat' dir='ltr'>etc.</span> 
     </span>
    </p>

    <p class='ocr_par' dir='ltr' id='par_1_3' title="bbox 286 1762 1585 3869">
     <span class='ocr_line' id='line_1_12' title="bbox 425 1762 1585 1846; baseline 0.003 -22"><span class='ocrx_word' id='word_1_99' title='bbox 425 1763 524 1838; x_wconf 92' lang='lat' dir='ltr'>Quod</span> <span class='ocrx_word' id='word_1_100' title='bbox 549 1763 623 1845; x_wconf 91' lang='lat' dir='ltr'>quia</span> <span class='ocrx_word' id='word_1_101' title='bbox 648 1764 696 1825; x_wconf 91' lang='lat' dir='ltr'>vir</span> <span class='ocrx_word' id='word_1_102' title='bbox 720 1763 874 1846; x_wconf 92' lang='lat' dir='ltr'>providus</span> <span class='ocrx_word' id='word_1_103' title='bbox 910 1777 941 1827; x_wconf 87' lang='lat' dir='ltr'>et</span> <span class='ocrx_word' id='word_1_104' title='bbox 973 1763 1127 1826; x_wconf 86' lang='lat' dir='ltr'>honestus</span> <span class='ocrx_word' id='word_1_105' title='bbox 1151 1762 1305 1826; x_wconf 89' lang='lat' dir='ltr'>Clemens</span> <span class='ocrx_word' id='word_1_106' title='bbox 1337 1763 1476 1826; x_wconf 79' lang='lat' dir='ltr'>carnifex</span> <span class='ocrx_word' id='word_1_107' title='bbox 1500 1763 1585 1828; x_wconf 88' lang='lat' dir='ltr'>filius</span> 
     </span>
     <span class='ocr_line' id='line_1_13' title="bbox 319 1867 1583 1954; baseline -0.001 -20"><span class='ocrx_word' id='word_1_108' title='bbox 319 1867 486 1934; x_wconf 88' lang='lat' dir='ltr'>Michaelis</span> <span class='ocrx_word' id='word_1_109' title='bbox 509 1871 617 1932; x_wconf 90' lang='lat' dir='ltr'>senior</span> <span class='ocrx_word' id='word_1_110' title='bbox 640 1870 762 1952; x_wconf 87' lang='lat' dir='ltr'>juratus</span> <span class='ocrx_word' id='word_1_111' title='bbox 779 1883 810 1932; x_wconf 90' lang='lat' dir='ltr'>et</span> <span class='ocrx_word' id='word_1_112' title='bbox 826 1871 968 1933; x_wconf 89' lang='lat' dir='ltr'>concivis</span> <span class='ocrx_word' id='word_1_113' title='bbox 993 1885 1100 1933; x_wconf 87' lang='lat' dir='ltr'>noster</span> <span class='ocrx_word' id='word_1_114' title='bbox 1117 1870 1158 1932; x_wconf 90' lang='lat' dir='ltr'>ad</span> <span class='ocrx_word' id='word_1_115' title='bbox 1175 1885 1317 1932; x_wconf 86' lang='lat' dir='ltr'>nostram</span> <span class='ocrx_word' id='word_1_116' title='bbox 1334 1870 1495 1932; x_wconf 88' lang='lat' dir='ltr'>veniendo</span> <span class='ocrx_word' id='word_1_117' title='bbox 1512 1891 1583 1954; x_wconf 92' lang='lat' dir='ltr'>pre-</span> 
     </span>
     <span class='ocr_line' id='line_1_14' title="bbox 317 1975 1582 2059; baseline -0.001 -20"><span class='ocrx_word' id='word_1_118' title='bbox 317 1978 457 2039; x_wconf 90' lang='lat' dir='ltr'>senciam</span> <span class='ocrx_word' id='word_1_119' title='bbox 483 1975 649 2039; x_wconf 85' lang='lat' dir='ltr'>confessus</span> <span class='ocrx_word' id='word_1_120' title='bbox 673 1991 720 2038; x_wconf 88' lang='lat' dir='ltr'>est</span> <span class='ocrx_word' id='word_1_121' title='bbox 744 1977 777 2040; x_wconf 92' lang='lat' dir='ltr'>in</span> <span class='ocrx_word' id='word_1_122' title='bbox 807 1977 891 2038; x_wconf 94' lang='lat' dir='ltr'>hunc</span> <span class='ocrx_word' id='word_1_123' title='bbox 923 1977 1070 2054; x_wconf 89' lang='lat' dir='ltr'>modum,</span> <span class='ocrx_word' id='word_1_124' title='bbox 1102 1991 1137 2040; x_wconf 92' lang='lat' dir='ltr'>ut</span> <span class='ocrx_word' id='word_1_125' title='bbox 1161 1977 1229 2059; x_wconf 90' lang='lat' dir='ltr'>ipse</span> <span class='ocrx_word' id='word_1_126' title='bbox 1261 1977 1423 2059; x_wconf 89' lang='lat' dir='ltr'>quandam</span> <span class='ocrx_word' id='word_1_127' title='bbox 1449 1977 1582 2039; x_wconf 90' lang='lat' dir='ltr'>domum</span> 
     </span>
     <span class='ocr_line' id='line_1_15' title="bbox 318 2081 1582 2164; baseline -0.001 -18"><span class='ocrx_word' id='word_1_128' title='bbox 318 2103 409 2146; x_wconf 87' lang='lat' dir='ltr'>auam</span> <span class='ocrx_word' id='word_1_129' title='bbox 432 2084 528 2146; x_wconf 92' lang='lat' dir='ltr'>simul</span> <span class='ocrx_word' id='word_1_130' title='bbox 553 2103 627 2146; x_wconf 91' lang='lat' dir='ltr'>cum</span> <span class='ocrx_word' id='word_1_131' title='bbox 659 2082 761 2145; x_wconf 85' lang='lat' dir='ltr'>fundo</span> <span class='ocrx_word' id='word_1_132' title='bbox 785 2099 816 2146; x_wconf 92' lang='lat' dir='ltr'>et</span> <span class='ocrx_word' id='word_1_133' title='bbox 848 2083 966 2146; x_wconf 90' lang='lat' dir='ltr'>celario</span> <span class='ocrx_word' id='word_1_134' title='bbox 999 2085 1207 2164; x_wconf 86' lang='lat' dir='ltr'>subterraneo</span> <span class='ocrx_word' id='word_1_135' title='bbox 1241 2097 1271 2144; x_wconf 89' lang='lat' dir='ltr'>et</span> <span class='ocrx_word' id='word_1_136' title='bbox 1295 2081 1452 2145; x_wconf 88' lang='lat' dir='ltr'>hedificiis</span> <span class='ocrx_word' id='word_1_137' title='bbox 1476 2083 1582 2146; x_wconf 88' lang='lat' dir='ltr'>eidem</span> 
     </span>
     <span class='ocr_line' id='line_1_16' title="bbox 318 2189 1582 2273; baseline -0.001 -22"><span class='ocrx_word' id='word_1_138' title='bbox 318 2190 430 2252; x_wconf 92' lang='lat' dir='ltr'>domui</span> <span class='ocrx_word' id='word_1_139' title='bbox 453 2210 510 2252; x_wconf 89' lang='lat' dir='ltr'>sue</span> <span class='ocrx_word' id='word_1_140' title='bbox 534 2192 593 2252; x_wconf 92' lang='lat' dir='ltr'>sub</span> <span class='ocrx_word' id='word_1_141' title='bbox 618 2209 779 2273; x_wconf 87' lang='lat' dir='ltr'>superque</span> <span class='ocrx_word' id='word_1_142' title='bbox 813 2189 1000 2271; x_wconf 80' lang='lat' dir='ltr'>jacentibus,</span> <span class='ocrx_word' id='word_1_143' title='bbox 1033 2189 1174 2252; x_wconf 90' lang='lat' dir='ltr'>indicta</span> <span class='ocrx_word' id='word_1_144' title='bbox 1208 2189 1335 2251; x_wconf 91' lang='lat' dir='ltr'>civitate</span> <span class='ocrx_word' id='word_1_145' title='bbox 1360 2189 1442 2251; x_wconf 90' lang='lat' dir='ltr'>inter</span> <span class='ocrx_word' id='word_1_146' title='bbox 1466 2189 1582 2252; x_wconf 90' lang='lat' dir='ltr'>domos</span> 
     </span>
     <span class='ocr_line' id='line_1_17' title="bbox 317 2295 1580 2379; baseline -0.002 -19"><span class='ocrx_word' id='word_1_147' title='bbox 317 2310 348 2360; x_wconf 87' lang='lat' dir='ltr'>et</span> <span class='ocrx_word' id='word_1_148' title='bbox 371 2295 489 2358; x_wconf 85' lang='lat' dir='ltr'>fundos</span> <span class='ocrx_word' id='word_1_149' title='bbox 513 2297 572 2358; x_wconf 91' lang='lat' dir='ltr'>viri</span> <span class='ocrx_word' id='word_1_150' title='bbox 596 2297 723 2379; x_wconf 85' lang='lat' dir='ltr'>providi</span> <span class='ocrx_word' id='word_1_151' title='bbox 747 2309 777 2358; x_wconf 93' lang='lat' dir='ltr'>et</span> <span class='ocrx_word' id='word_1_152' title='bbox 793 2296 919 2358; x_wconf 90' lang='lat' dir='ltr'>honesti</span> <span class='ocrx_word' id='word_1_153' title='bbox 945 2297 1074 2358; x_wconf 88' lang='lat' dir='ltr'>Martini</span> <span class='ocrx_word' id='word_1_154' title='bbox 1092 2296 1227 2358; x_wconf 88' lang='lat' dir='ltr'>senioris</span> <span class='ocrx_word' id='word_1_155' title='bbox 1251 2295 1366 2376; x_wconf 88' lang='lat' dir='ltr'>judicis</span> <span class='ocrx_word' id='word_1_156' title='bbox 1390 2309 1421 2358; x_wconf 91' lang='lat' dir='ltr'>et</span> <span class='ocrx_word' id='word_1_157' title='bbox 1438 2297 1580 2358; x_wconf 89' lang='lat' dir='ltr'>concivis</span> 
     </span>
     <span class='ocr_line' id='line_1_18' title="bbox 319 2401 1583 2485; baseline -0.001 -20"><span class='ocrx_word' id='word_1_158' title='bbox 319 2405 421 2465; x_wconf 90' lang='lat' dir='ltr'>nostri</span> <span class='ocrx_word' id='word_1_159' title='bbox 445 2401 504 2464; x_wconf 92' lang='lat' dir='ltr'>filii</span> <span class='ocrx_word' id='word_1_160' title='bbox 529 2402 668 2482; x_wconf 87' lang='lat' dir='ltr'>Thome,</span> <span class='ocrx_word' id='word_1_161' title='bbox 693 2423 710 2464; x_wconf 89' lang='lat' dir='ltr'>a</span> <span class='ocrx_word' id='word_1_162' title='bbox 735 2417 823 2485; x_wconf 88' lang='lat' dir='ltr'>parte</span> <span class='ocrx_word' id='word_1_163' title='bbox 855 2402 1072 2478; x_wconf 87' lang='lat' dir='ltr'>meridionali,</span> <span class='ocrx_word' id='word_1_164' title='bbox 1097 2423 1132 2463; x_wconf 90' lang='lat' dir='ltr'>ac</span> <span class='ocrx_word' id='word_1_165' title='bbox 1164 2402 1246 2464; x_wconf 91' lang='lat' dir='ltr'>inter</span> <span class='ocrx_word' id='word_1_166' title='bbox 1270 2402 1367 2464; x_wconf 88' lang='lat' dir='ltr'>aliam</span> <span class='ocrx_word' id='word_1_167' title='bbox 1392 2402 1527 2464; x_wconf 89' lang='lat' dir='ltr'>domum</span> <span class='ocrx_word' id='word_1_168' title='bbox 1551 2415 1583 2465; x_wconf 91' lang='lat' dir='ltr'>et</span> 
     </span>
     <span class='ocr_line' id='line_1_19' title="bbox 318 2507 1581 2592; baseline 0.001 -21"><span class='ocrx_word' id='word_1_169' title='bbox 318 2507 454 2572; x_wconf 81' lang='lat' dir='ltr'>fundum</span> <span class='ocrx_word' id='word_1_170' title='bbox 480 2529 515 2572; x_wconf 89' lang='lat' dir='ltr'>ac</span> <span class='ocrx_word' id='word_1_171' title='bbox 549 2508 697 2571; x_wconf 88' lang='lat' dir='ltr'>hedificia</span> <span class='ocrx_word' id='word_1_172' title='bbox 730 2507 844 2592; x_wconf 85' lang='lat' dir='ltr'>prelati</span> <span class='ocrx_word' id='word_1_173' title='bbox 877 2508 1056 2572; x_wconf 87' lang='lat' dir='ltr'>Clementis</span> <span class='ocrx_word' id='word_1_174' title='bbox 1083 2507 1250 2588; x_wconf 85' lang='lat' dir='ltr'>carnificis,</span> <span class='ocrx_word' id='word_1_175' title='bbox 1282 2523 1412 2592; x_wconf 88' lang='lat' dir='ltr'>aparte</span> <span class='ocrx_word' id='word_1_176' title='bbox 1443 2521 1581 2592; x_wconf 89' lang='lat' dir='ltr'>septem·</span> 
     </span>
     <span class='ocr_line' id='line_1_20' title="bbox 316 2613 1580 2696; baseline -0.002 -18"><span class='ocrx_word' id='word_1_177' title='bbox 316 2616 445 2678; x_wconf 91' lang='lat' dir='ltr'>trionali</span> <span class='ocrx_word' id='word_1_178' title='bbox 470 2615 612 2678; x_wconf 90' lang='lat' dir='ltr'>habitam</span> <span class='ocrx_word' id='word_1_179' title='bbox 639 2630 670 2679; x_wconf 90' lang='lat' dir='ltr'>et</span> <span class='ocrx_word' id='word_1_180' title='bbox 694 2616 894 2694; x_wconf 83' lang='lat' dir='ltr'>existentem,</span> <span class='ocrx_word' id='word_1_181' title='bbox 918 2616 976 2676; x_wconf 90' lang='lat' dir='ltr'>tria</span> <span class='ocrx_word' id='word_1_182' title='bbox 1002 2613 1157 2696; x_wconf 86' lang='lat' dir='ltr'>quartalia</span> <span class='ocrx_word' id='word_1_183' title='bbox 1187 2615 1274 2678; x_wconf 88' lang='lat' dir='ltr'>curie</span> <span class='ocrx_word' id='word_1_184' title='bbox 1298 2616 1332 2677; x_wconf 92' lang='lat' dir='ltr'>in</span> <span class='ocrx_word' id='word_1_185' title='bbox 1356 2635 1388 2677; x_wconf 90' lang='lat' dir='ltr'>se</span> <span class='ocrx_word' id='word_1_186' title='bbox 1413 2617 1580 2678; x_wconf 90' lang='lat' dir='ltr'>continen-</span> 
     </span>
     <span class='ocr_line' id='line_1_21' title="bbox 316 2720 1579 2805; baseline -0.001 -21"><span class='ocrx_word' id='word_1_187' title='bbox 316 2736 393 2801; x_wconf 91' lang='lat' dir='ltr'>tem,</span> <span class='ocrx_word' id='word_1_188' title='bbox 419 2722 523 2805; x_wconf 89' lang='lat' dir='ltr'>ipsum</span> <span class='ocrx_word' id='word_1_189' title='bbox 549 2720 752 2784; x_wconf 88' lang='lat' dir='ltr'>Clementem</span> <span class='ocrx_word' id='word_1_190' title='bbox 779 2721 961 2784; x_wconf 88' lang='lat' dir='ltr'>carnificem</span> <span class='ocrx_word' id='word_1_191' title='bbox 993 2721 1172 2804; x_wconf 91' lang='lat' dir='ltr'>aprovido</span> <span class='ocrx_word' id='word_1_192' title='bbox 1203 2722 1273 2784; x_wconf 92' lang='lat' dir='ltr'>viro</span> <span class='ocrx_word' id='word_1_193' title='bbox 1298 2722 1448 2784; x_wconf 90' lang='lat' dir='ltr'>Emerico</span> <span class='ocrx_word' id='word_1_194' title='bbox 1472 2736 1579 2785; x_wconf 85' lang='lat' dir='ltr'>sutore</span> 
     </span>
     <span class='ocr_line' id='line_1_22' title="bbox 316 2826 1579 2910; baseline 0.001 -20"><span class='ocrx_word' id='word_1_195' title='bbox 316 2827 384 2890; x_wconf 91' lang='lat' dir='ltr'>filio</span> <span class='ocrx_word' id='word_1_196' title='bbox 410 2826 542 2909; x_wconf 81' lang='lat' dir='ltr'>Georgii</span> <span class='ocrx_word' id='word_1_197' title='bbox 567 2828 645 2890; x_wconf 89' lang='lat' dir='ltr'>alias</span> <span class='ocrx_word' id='word_1_198' title='bbox 669 2827 773 2910; x_wconf 91' lang='lat' dir='ltr'>jurato</span> <span class='ocrx_word' id='word_1_199' title='bbox 797 2829 995 2910; x_wconf 87' lang='lat' dir='ltr'>conciveque</span> <span class='ocrx_word' id='word_1_200' title='bbox 1020 2843 1140 2907; x_wconf 88' lang='lat' dir='ltr'>nostro,</span> <span class='ocrx_word' id='word_1_201' title='bbox 1165 2829 1387 2892; x_wconf 89' lang='lat' dir='ltr'>commissario</span> <span class='ocrx_word' id='word_1_202' title='bbox 1412 2843 1443 2891; x_wconf 89' lang='lat' dir='ltr'>et</span> <span class='ocrx_word' id='word_1_203' title='bbox 1466 2849 1579 2891; x_wconf 90' lang='lat' dir='ltr'>execu-</span> 
     </span>
     <span class='ocr_line' id='line_1_23' title="bbox 315 2933 1578 3020; baseline 0.001 -25"><span class='ocrx_word' id='word_1_204' title='bbox 315 2948 383 2995; x_wconf 90' lang='lat' dir='ltr'>tore</span> <span class='ocrx_word' id='word_1_205' title='bbox 408 2933 468 2995; x_wconf 93' lang='lat' dir='ltr'>viri</span> <span class='ocrx_word' id='word_1_206' title='bbox 493 2934 630 2996; x_wconf 91' lang='lat' dir='ltr'>condam</span> <span class='ocrx_word' id='word_1_207' title='bbox 656 2934 783 3017; x_wconf 88' lang='lat' dir='ltr'>providi</span> <span class='ocrx_word' id='word_1_208' title='bbox 808 2934 971 2996; x_wconf 88' lang='lat' dir='ltr'>Valentini</span> <span class='ocrx_word' id='word_1_209' title='bbox 996 2933 1154 2996; x_wconf 87' lang='lat' dir='ltr'>carnificis</span> <span class='ocrx_word' id='word_1_210' title='bbox 1170 2935 1321 3020; x_wconf 88' lang='lat' dir='ltr'>Fratrycz</span> <span class='ocrx_word' id='word_1_211' title='bbox 1338 2935 1414 2997; x_wconf 92' lang='lat' dir='ltr'>dicti</span> <span class='ocrx_word' id='word_1_212' title='bbox 1438 2933 1497 2997; x_wconf 84' lang='lat' dir='ltr'>filii</span> <span class='ocrx_word' id='word_1_213' title='bbox 1521 2935 1578 2997; x_wconf 94' lang='lat' dir='ltr'>Ni·</span> 
     </span>
     <span class='ocr_line' id='line_1_24' title="bbox 316 3039 1579 3123; baseline 0.002 -21"><span class='ocrx_word' id='word_1_214' title='bbox 316 3039 398 3102; x_wconf 90' lang='lat' dir='ltr'>colai</span> <span class='ocrx_word' id='word_1_215' title='bbox 423 3055 454 3104; x_wconf 90' lang='lat' dir='ltr'>et</span> <span class='ocrx_word' id='word_1_216' title='bbox 476 3040 612 3123; x_wconf 88' lang='lat' dir='ltr'>provida</span> <span class='ocrx_word' id='word_1_217' title='bbox 633 3041 767 3102; x_wconf 89' lang='lat' dir='ltr'>muliere</span> <span class='ocrx_word' id='word_1_218' title='bbox 792 3041 1078 3103; x_wconf 88' lang='lat' dir='ltr'>Dorotheavocata</span> <span class='ocrx_word' id='word_1_219' title='bbox 1102 3041 1211 3104; x_wconf 91' lang='lat' dir='ltr'>relicta</span> <span class='ocrx_word' id='word_1_220' title='bbox 1237 3042 1375 3104; x_wconf 91' lang='lat' dir='ltr'>condam</span> <span class='ocrx_word' id='word_1_221' title='bbox 1401 3040 1579 3104; x_wconf 88' lang='lat' dir='ltr'>Clementis</span> 
     </span>
     <span class='ocr_line' id='line_1_25' title="bbox 315 3145 1577 3232; baseline 0.002 -25"><span class='ocrx_word' id='word_1_222' title='bbox 315 3146 456 3228; x_wconf 85' lang='lat' dir='ltr'>agricole</span> <span class='ocrx_word' id='word_1_223' title='bbox 480 3147 560 3208; x_wconf 92' lang='lat' dir='ltr'>olim</span> <span class='ocrx_word' id='word_1_224' title='bbox 585 3147 727 3209; x_wconf 90' lang='lat' dir='ltr'>concivis</span> <span class='ocrx_word' id='word_1_225' title='bbox 751 3147 850 3208; x_wconf 86' lang='lat' dir='ltr'>nostri</span> <span class='ocrx_word' id='word_1_226' title='bbox 883 3145 941 3208; x_wconf 89' lang='lat' dir='ltr'>filii</span> <span class='ocrx_word' id='word_1_227' title='bbox 967 3147 1113 3232; x_wconf 88' lang='lat' dir='ltr'>Dyonisii</span> <span class='ocrx_word' id='word_1_228' title='bbox 1146 3147 1325 3230; x_wconf 77' lang='lat' dir='ltr'>emptionis</span> <span class='ocrx_word' id='word_1_229' title='bbox 1352 3147 1447 3209; x_wconf 92' lang='lat' dir='ltr'>titulo</span> <span class='ocrx_word' id='word_1_230' title='bbox 1471 3147 1577 3209; x_wconf 89' lang='lat' dir='ltr'>litera-</span> 
     </span>
     <span class='ocr_line' id='line_1_26' title="bbox 314 3252 1577 3334; baseline 0 -18"><span class='ocrx_word' id='word_1_231' title='bbox 314 3254 396 3316; x_wconf 92' lang='lat' dir='ltr'>torie</span> <span class='ocrx_word' id='word_1_232' title='bbox 421 3267 680 3334; x_wconf 88' lang='lat' dir='ltr'>concernentem,</span> <span class='ocrx_word' id='word_1_233' title='bbox 704 3254 800 3315; x_wconf 91' lang='lat' dir='ltr'>simul</span> <span class='ocrx_word' id='word_1_234' title='bbox 825 3273 898 3315; x_wconf 89' lang='lat' dir='ltr'>cum</span> <span class='ocrx_word' id='word_1_235' title='bbox 927 3254 1079 3314; x_wconf 92' lang='lat' dir='ltr'>omnibus</span> <span class='ocrx_word' id='word_1_236' title='bbox 1111 3252 1256 3314; x_wconf 86' lang='lat' dir='ltr'>eiusdem</span> <span class='ocrx_word' id='word_1_237' title='bbox 1283 3253 1400 3315; x_wconf 89' lang='lat' dir='ltr'>domus</span> <span class='ocrx_word' id='word_1_238' title='bbox 1424 3267 1483 3317; x_wconf 89' lang='lat' dir='ltr'>etc.</span> <span class='ocrx_word' id='word_1_239' title='bbox 1508 3253 1577 3316; x_wconf 91' lang='lat' dir='ltr'>viro</span> 
     </span>
     <span class='ocr_line' id='line_1_27' title="bbox 316 3357 1576 3443; baseline 0 -21"><span class='ocrx_word' id='word_1_240' title='bbox 316 3361 454 3443; x_wconf 91' lang='lat' dir='ltr'>provido</span> <span class='ocrx_word' id='word_1_241' title='bbox 472 3374 503 3422; x_wconf 89' lang='lat' dir='ltr'>et</span> <span class='ocrx_word' id='word_1_242' title='bbox 518 3360 654 3422; x_wconf 90' lang='lat' dir='ltr'>honesto</span> <span class='ocrx_word' id='word_1_243' title='bbox 680 3360 787 3422; x_wconf 91' lang='lat' dir='ltr'>Blasio</span> <span class='ocrx_word' id='word_1_244' title='bbox 812 3358 952 3422; x_wconf 85' lang='lat' dir='ltr'>carnifici</span> <span class='ocrx_word' id='word_1_245' title='bbox 977 3357 1044 3421; x_wconf 88' lang='lat' dir='ltr'>filio</span> <span class='ocrx_word' id='word_1_246' title='bbox 1063 3358 1196 3440; x_wconf 90' lang='lat' dir='ltr'>Georgii</span> <span class='ocrx_word' id='word_1_247' title='bbox 1220 3360 1312 3421; x_wconf 91' lang='lat' dir='ltr'>aliter</span> <span class='ocrx_word' id='word_1_248' title='bbox 1336 3357 1476 3441; x_wconf 88' lang='lat' dir='ltr'>Gywrak</span> <span class='ocrx_word' id='word_1_249' title='bbox 1501 3360 1576 3422; x_wconf 92' lang='lat' dir='ltr'>dicti</span> 
     </span>
     <span class='ocr_line' id='line_1_28' title="bbox 314 3465 1577 3550; baseline 0 -22"><span class='ocrx_word' id='word_1_250' title='bbox 314 3467 353 3528; x_wconf 91' lang='lat' dir='ltr'>de</span> <span class='ocrx_word' id='word_1_251' title='bbox 378 3466 528 3550; x_wconf 89' lang='lat' dir='ltr'>lwanych</span> <span class='ocrx_word' id='word_1_252' title='bbox 552 3467 700 3530; x_wconf 89' lang='lat' dir='ltr'>similiter</span> <span class='ocrx_word' id='word_1_253' title='bbox 732 3467 856 3528; x_wconf 92' lang='lat' dir='ltr'>concivi</span> <span class='ocrx_word' id='word_1_254' title='bbox 888 3479 998 3528; x_wconf 89' lang='lat' dir='ltr'>nostro</span> <span class='ocrx_word' id='word_1_255' title='bbox 1023 3485 1059 3528; x_wconf 91' lang='lat' dir='ltr'>ac</span> <span class='ocrx_word' id='word_1_256' title='bbox 1091 3485 1147 3547; x_wconf 91' lang='lat' dir='ltr'>per</span> <span class='ocrx_word' id='word_1_257' title='bbox 1173 3485 1247 3528; x_wconf 90' lang='lat' dir='ltr'>eum</span> <span class='ocrx_word' id='word_1_258' title='bbox 1280 3466 1380 3549; x_wconf 92' lang='lat' dir='ltr'>ipsius</span> <span class='ocrx_word' id='word_1_259' title='bbox 1405 3465 1577 3529; x_wconf 89' lang='lat' dir='ltr'>heredibus</span> 
     </span>
     <span class='ocr_line' id='line_1_29' title="bbox 314 3572 1576 3657; baseline -0.001 -22"><span class='ocrx_word' id='word_1_260' title='bbox 314 3594 372 3657; x_wconf 93' lang='lat' dir='ltr'>pro</span> <span class='ocrx_word' id='word_1_261' title='bbox 396 3575 509 3656; x_wconf 91' lang='lat' dir='ltr'>viginti</span> <span class='ocrx_word' id='word_1_262' title='bbox 535 3587 608 3636; x_wconf 93' lang='lat' dir='ltr'>octo</span> <span class='ocrx_word' id='word_1_263' title='bbox 632 3573 701 3638; x_wconf 88' lang='lat' dir='ltr'>flor.</span> <span class='ocrx_word' id='word_1_264' title='bbox 719 3573 788 3636; x_wconf 87' lang='lat' dir='ltr'>auri</span> <span class='ocrx_word' id='word_1_265' title='bbox 813 3594 868 3655; x_wconf 93' lang='lat' dir='ltr'>per</span> <span class='ocrx_word' id='word_1_266' title='bbox 885 3572 1024 3634; x_wconf 91' lang='lat' dir='ltr'>eundem</span> <span class='ocrx_word' id='word_1_267' title='bbox 1043 3573 1185 3634; x_wconf 90' lang='lat' dir='ltr'>Blasium</span> <span class='ocrx_word' id='word_1_268' title='bbox 1205 3572 1311 3635; x_wconf 88' lang='lat' dir='ltr'>eidem</span> <span class='ocrx_word' id='word_1_269' title='bbox 1331 3572 1494 3635; x_wconf 90' lang='lat' dir='ltr'>Clementi</span> <span class='ocrx_word' id='word_1_270' title='bbox 1510 3593 1576 3634; x_wconf 90' lang='lat' dir='ltr'>car-</span> 
     </span>
     <span class='ocr_line' id='line_1_30' title="bbox 314 3678 1576 3764; baseline -0.001 -23"><span class='ocrx_word' id='word_1_271' title='bbox 314 3678 416 3744; x_wconf 92' lang='lat' dir='ltr'>nificis</span> <span class='ocrx_word' id='word_1_272' title='bbox 438 3681 533 3764; x_wconf 88' lang='lat' dir='ltr'>plene</span> <span class='ocrx_word' id='word_1_273' title='bbox 558 3680 728 3764; x_wconf 89' lang='lat' dir='ltr'>persolutis</span> <span class='ocrx_word' id='word_1_274' title='bbox 746 3679 942 3741; x_wconf 86' lang='lat' dir='ltr'>vendidisset</span> <span class='ocrx_word' id='word_1_275' title='bbox 966 3679 1067 3740; x_wconf 90' lang='lat' dir='ltr'>immo</span> <span class='ocrx_word' id='word_1_276' title='bbox 1092 3698 1129 3740; x_wconf 93' lang='lat' dir='ltr'>ex</span> <span class='ocrx_word' id='word_1_277' title='bbox 1147 3697 1306 3740; x_wconf 89' lang='lat' dir='ltr'>consensu</span> <span class='ocrx_word' id='word_1_278' title='bbox 1323 3678 1456 3740; x_wconf 86' lang='lat' dir='ltr'>alterius</span> <span class='ocrx_word' id='word_1_279' title='bbox 1480 3679 1576 3740; x_wconf 91' lang='lat' dir='ltr'>vicini</span> 
     </span>
     <span class='ocr_line' id='line_1_31' title="bbox 286 3784 1397 3869; baseline 0.002 -23"><span class='ocrx_word' id='word_1_280' title='bbox 286 3849 291 3857; x_wconf 71' lang='grc'>,</span> <span class='ocrx_word' id='word_1_281' title='bbox 313 3786 459 3849; x_wconf 91' lang='lat' dir='ltr'>vendidit</span> <span class='ocrx_word' id='word_1_282' title='bbox 480 3785 547 3869; x_wconf 89' lang='lat' dir='ltr'>jure</span> <span class='ocrx_word' id='word_1_283' title='bbox 572 3799 728 3869; x_wconf 89' lang='lat' dir='ltr'>perpetuo</span> <span class='ocrx_word' id='word_1_284' title='bbox 752 3799 783 3847; x_wconf 93' lang='lat' dir='ltr'>et</span> <span class='ocrx_word' id='word_1_285' title='bbox 806 3785 1058 3848; x_wconf 89' lang='lat' dir='ltr'>irrevocabiliter</span> <span class='ocrx_word' id='word_1_286' title='bbox 1082 3784 1314 3868; x_wconf 88' lang='lat' dir='ltr'>possidendam</span> <span class='ocrx_word' id='word_1_287' title='bbox 1339 3797 1397 3848; x_wconf 87' lang='lat' dir='ltr'>etc.</span> 
     </span>
    </p>

    <p class='ocr_par' dir='ltr' id='par_1_4' title="bbox 297 3889 1577 5034">
     <span class='ocr_line' id='line_1_32' title="bbox 418 3889 1577 3974; baseline -0.001 -20"><span class='ocrx_word' id='word_1_288' title='bbox 418 3893 516 3968; x_wconf 90' lang='lat' dir='ltr'>Quod</span> <span class='ocrx_word' id='word_1_289' title='bbox 541 3893 617 3974; x_wconf 91' lang='lat' dir='ltr'>quia</span> <span class='ocrx_word' id='word_1_290' title='bbox 640 3893 688 3954; x_wconf 93' lang='lat' dir='ltr'>vir</span> <span class='ocrx_word' id='word_1_291' title='bbox 712 3891 866 3974; x_wconf 88' lang='lat' dir='ltr'>providus</span> <span class='ocrx_word' id='word_1_292' title='bbox 883 3906 913 3953; x_wconf 92' lang='lat' dir='ltr'>et</span> <span class='ocrx_word' id='word_1_293' title='bbox 936 3892 1089 3954; x_wconf 90' lang='lat' dir='ltr'>honestus</span> <span class='ocrx_word' id='word_1_294' title='bbox 1106 3890 1251 3952; x_wconf 91' lang='lat' dir='ltr'>Thomas</span> <span class='ocrx_word' id='word_1_295' title='bbox 1276 3889 1416 3972; x_wconf 83' lang='lat' dir='ltr'>frenipar</span> <span class='ocrx_word' id='word_1_296' title='bbox 1434 3890 1577 3954; x_wconf 88' lang='lat' dir='ltr'>Croacus</span> 
     </span>
     <span class='ocr_line' id='line_1_33' title="bbox 313 3997 1575 4081; baseline 0.001 -21"><span class='ocrx_word' id='word_1_297' title='bbox 313 3999 419 4060; x_wconf 83' lang='lat' dir='ltr'>senior</span> <span class='ocrx_word' id='word_1_298' title='bbox 443 3998 564 4081; x_wconf 89' lang='lat' dir='ltr'>juratus</span> <span class='ocrx_word' id='word_1_299' title='bbox 588 4013 620 4062; x_wconf 88' lang='lat' dir='ltr'>et</span> <span class='ocrx_word' id='word_1_300' title='bbox 643 3999 784 4061; x_wconf 89' lang='lat' dir='ltr'>concivis</span> <span class='ocrx_word' id='word_1_301' title='bbox 816 4012 924 4060; x_wconf 89' lang='lat' dir='ltr'>noster</span> <span class='ocrx_word' id='word_1_302' title='bbox 956 4011 1107 4060; x_wconf 81' lang='lat' dir='ltr'>executor</span> <span class='ocrx_word' id='word_1_303' title='bbox 1138 3998 1320 4060; x_wconf 86' lang='lat' dir='ltr'>testamenti</span> <span class='ocrx_word' id='word_1_304' title='bbox 1352 3997 1491 4059; x_wconf 90' lang='lat' dir='ltr'>condam</span> <span class='ocrx_word' id='word_1_305' title='bbox 1522 3999 1575 4061; x_wconf 92' lang='lat' dir='ltr'>Jo-</span> 
     </span>
     <span class='ocr_line' id='line_1_34' title="bbox 312 4103 1574 4186; baseline 0 -18"><span class='ocrx_word' id='word_1_306' title='bbox 312 4105 427 4168; x_wconf 88' lang='lat' dir='ltr'>hannis</span> <span class='ocrx_word' id='word_1_307' title='bbox 451 4106 612 4169; x_wconf 86' lang='lat' dir='ltr'>Werchek</span> <span class='ocrx_word' id='word_1_308' title='bbox 636 4107 714 4168; x_wconf 91' lang='lat' dir='ltr'>olim</span> <span class='ocrx_word' id='word_1_309' title='bbox 740 4106 880 4168; x_wconf 91' lang='lat' dir='ltr'>concivis</span> <span class='ocrx_word' id='word_1_310' title='bbox 912 4105 1022 4184; x_wconf 91' lang='lat' dir='ltr'>nostri,</span> <span class='ocrx_word' id='word_1_311' title='bbox 1048 4125 1083 4167; x_wconf 87' lang='lat' dir='ltr'>ac</span> <span class='ocrx_word' id='word_1_312' title='bbox 1109 4104 1269 4186; x_wconf 89' lang='lat' dir='ltr'>Georgius</span> <span class='ocrx_word' id='word_1_313' title='bbox 1301 4103 1396 4166; x_wconf 81' lang='lat' dir='ltr'>irater</span> <span class='ocrx_word' id='word_1_314' title='bbox 1428 4104 1574 4168; x_wconf 89' lang='lat' dir='ltr'>eiusdem</span> 
     </span>
     <span class='ocr_line' id='line_1_35' title="bbox 313 4211 1572 4294; baseline -0.002 -19"><span class='ocrx_word' id='word_1_315' title='bbox 313 4212 467 4276; x_wconf 90' lang='lat' dir='ltr'>Johannis</span> <span class='ocrx_word' id='word_1_316' title='bbox 490 4213 652 4276; x_wconf 88' lang='lat' dir='ltr'>Werchek</span> <span class='ocrx_word' id='word_1_317' title='bbox 676 4212 761 4275; x_wconf 88' lang='lat' dir='ltr'>filius</span> <span class='ocrx_word' id='word_1_318' title='bbox 778 4213 918 4275; x_wconf 92' lang='lat' dir='ltr'>condam</span> <span class='ocrx_word' id='word_1_319' title='bbox 936 4211 1062 4274; x_wconf 90' lang='lat' dir='ltr'>Nicolai</span> <span class='ocrx_word' id='word_1_320' title='bbox 1080 4211 1220 4293; x_wconf 89' lang='lat' dir='ltr'>agricole</span> <span class='ocrx_word' id='word_1_321' title='bbox 1246 4211 1366 4294; x_wconf 89' lang='lat' dir='ltr'>Kwsyn</span> <span class='ocrx_word' id='word_1_322' title='bbox 1391 4211 1467 4272; x_wconf 93' lang='lat' dir='ltr'>dicti</span> <span class='ocrx_word' id='word_1_323' title='bbox 1493 4211 1572 4273; x_wconf 94' lang='lat' dir='ltr'>olim</span> 
     </span>
     <span class='ocr_line' id='line_1_36' title="bbox 311 4316 1574 4402; baseline -0.005 -18"><span class='ocrx_word' id='word_1_324' title='bbox 311 4321 452 4384; x_wconf 88' lang='lat' dir='ltr'>concivis</span> <span class='ocrx_word' id='word_1_325' title='bbox 476 4321 587 4400; x_wconf 90' lang='lat' dir='ltr'>nostri,</span> <span class='ocrx_word' id='word_1_326' title='bbox 613 4334 646 4382; x_wconf 91' lang='lat' dir='ltr'>ut</span> <span class='ocrx_word' id='word_1_327' title='bbox 670 4321 745 4401; x_wconf 91' lang='lat' dir='ltr'>quia</span> <span class='ocrx_word' id='word_1_328' title='bbox 762 4319 904 4402; x_wconf 86' lang='lat' dir='ltr'>prefatus</span> <span class='ocrx_word' id='word_1_329' title='bbox 924 4317 1069 4380; x_wconf 89' lang='lat' dir='ltr'>Thomas</span> <span class='ocrx_word' id='word_1_330' title='bbox 1086 4316 1227 4400; x_wconf 86' lang='lat' dir='ltr'>irenipar</span> <span class='ocrx_word' id='word_1_331' title='bbox 1250 4317 1368 4380; x_wconf 85' lang='lat' dir='ltr'>virtute</span> <span class='ocrx_word' id='word_1_332' title='bbox 1393 4317 1574 4379; x_wconf 85' lang='lat' dir='ltr'>executoria</span> 
     </span>
     <span class='ocr_line' id='line_1_37' title="bbox 311 4424 1573 4510; baseline -0.003 -21"><span class='ocrx_word' id='word_1_333' title='bbox 311 4427 487 4510; x_wconf 91' lang='lat' dir='ltr'>predictam</span> <span class='ocrx_word' id='word_1_334' title='bbox 503 4427 691 4509; x_wconf 89' lang='lat' dir='ltr'>porcionem</span> <span class='ocrx_word' id='word_1_335' title='bbox 717 4426 884 4488; x_wconf 91' lang='lat' dir='ltr'>cuiusdam</span> <span class='ocrx_word' id='word_1_336' title='bbox 902 4424 994 4486; x_wconf 85' lang='lat' dir='ltr'>sundi</span> <span class='ocrx_word' id='word_1_337' title='bbox 1018 4444 1075 4486; x_wconf 89' lang='lat' dir='ltr'>seu</span> <span class='ocrx_word' id='word_1_338' title='bbox 1093 4425 1195 4486; x_wconf 91' lang='lat' dir='ltr'>civilis</span> <span class='ocrx_word' id='word_1_339' title='bbox 1212 4444 1297 4486; x_wconf 90' lang='lat' dir='ltr'>nunc</span> <span class='ocrx_word' id='word_1_340' title='bbox 1321 4425 1425 4504; x_wconf 89' lang='lat' dir='ltr'>vacui,</span> <span class='ocrx_word' id='word_1_341' title='bbox 1449 4444 1484 4486; x_wconf 94' lang='lat' dir='ltr'>ac</span> <span class='ocrx_word' id='word_1_342' title='bbox 1502 4443 1573 4506; x_wconf 93' lang='lat' dir='ltr'>pre-</span> 
     </span>
     <span class='ocr_line' id='line_1_38' title="bbox 310 4529 1573 4616; baseline -0.005 -20"><span class='ocrx_word' id='word_1_343' title='bbox 310 4533 394 4596; x_wconf 87' lang='lat' dir='ltr'>fatus</span> <span class='ocrx_word' id='word_1_344' title='bbox 419 4534 579 4616; x_wconf 91' lang='lat' dir='ltr'>Georgius</span> <span class='ocrx_word' id='word_1_345' title='bbox 609 4534 757 4595; x_wconf 87' lang='lat' dir='ltr'>similiter</span> <span class='ocrx_word' id='word_1_346' title='bbox 789 4532 976 4615; x_wconf 90' lang='lat' dir='ltr'>porcionem</span> <span class='ocrx_word' id='word_1_347' title='bbox 1010 4551 1100 4592; x_wconf 88' lang='lat' dir='ltr'>suam</span> <span class='ocrx_word' id='word_1_348' title='bbox 1134 4531 1279 4593; x_wconf 92' lang='lat' dir='ltr'>eiusdem</span> <span class='ocrx_word' id='word_1_349' title='bbox 1311 4529 1402 4592; x_wconf 86' lang='lat' dir='ltr'>fundi</span> <span class='ocrx_word' id='word_1_350' title='bbox 1436 4531 1468 4591; x_wconf 94' lang='lat' dir='ltr'>in</span> <span class='ocrx_word' id='word_1_351' title='bbox 1501 4530 1573 4591; x_wconf 93' lang='lat' dir='ltr'>vico</span> 
     </span>
     <span class='ocr_line' id='line_1_39' title="bbox 311 4635 1571 4718; baseline -0.005 -16"><span class='ocrx_word' id='word_1_352' title='bbox 311 4640 393 4703; x_wconf 92' lang='lat' dir='ltr'>dicte</span> <span class='ocrx_word' id='word_1_353' title='bbox 419 4641 556 4704; x_wconf 85' lang='lat' dir='ltr'>civitatis</span> <span class='ocrx_word' id='word_1_354' title='bbox 580 4640 728 4702; x_wconf 91' lang='lat' dir='ltr'>exteriori</span> <span class='ocrx_word' id='word_1_355' title='bbox 745 4653 902 4718; x_wconf 88' lang='lat' dir='ltr'>sutorum,</span> <span class='ocrx_word' id='word_1_356' title='bbox 927 4657 962 4699; x_wconf 87' lang='lat' dir='ltr'>ac</span> <span class='ocrx_word' id='word_1_357' title='bbox 987 4638 1069 4699; x_wconf 89' lang='lat' dir='ltr'>inter</span> <span class='ocrx_word' id='word_1_358' title='bbox 1085 4635 1224 4699; x_wconf 81' lang='lat' dir='ltr'>fundum</span> <span class='ocrx_word' id='word_1_359' title='bbox 1244 4657 1301 4699; x_wconf 92' lang='lat' dir='ltr'>seu</span> <span class='ocrx_word' id='word_1_360' title='bbox 1325 4637 1420 4698; x_wconf 91' lang='lat' dir='ltr'>civile</span> <span class='ocrx_word' id='word_1_361' title='bbox 1443 4635 1571 4718; x_wconf 93' lang='lat' dir='ltr'>providi</span> 
     </span>
     <span class='ocr_line' id='line_1_40' title="bbox 310 4743 1571 4828; baseline -0.003 -20"><span class='ocrx_word' id='word_1_362' title='bbox 310 4747 370 4810; x_wconf 86' lang='lat' dir='ltr'>viri</span> <span class='ocrx_word' id='word_1_363' title='bbox 394 4747 480 4810; x_wconf 92' lang='lat' dir='ltr'>Luce</span> <span class='ocrx_word' id='word_1_364' title='bbox 504 4747 620 4810; x_wconf 89' lang='lat' dir='ltr'>sutoris</span> <span class='ocrx_word' id='word_1_365' title='bbox 643 4747 778 4809; x_wconf 89' lang='lat' dir='ltr'>senioris</span> <span class='ocrx_word' id='word_1_366' title='bbox 801 4745 905 4828; x_wconf 86' lang='lat' dir='ltr'>jurati,</span> <span class='ocrx_word' id='word_1_367' title='bbox 931 4766 947 4806; x_wconf 90' lang='lat' dir='ltr'>a</span> <span class='ocrx_word' id='word_1_368' title='bbox 972 4757 1060 4827; x_wconf 90' lang='lat' dir='ltr'>parte</span> <span class='ocrx_word' id='word_1_369' title='bbox 1077 4745 1293 4824; x_wconf 85' lang='lat' dir='ltr'>meridionali,</span> <span class='ocrx_word' id='word_1_370' title='bbox 1318 4763 1353 4806; x_wconf 89' lang='lat' dir='ltr'>ac</span> <span class='ocrx_word' id='word_1_371' title='bbox 1379 4743 1461 4804; x_wconf 89' lang='lat' dir='ltr'>inter</span> <span class='ocrx_word' id='word_1_372' title='bbox 1485 4743 1571 4804; x_wconf 88' lang='lat' dir='ltr'>viam</span> 
     </span>
     <span class='ocr_line' id='line_1_41' title="bbox 297 4849 1571 4935; baseline -0.004 -20"><span class='ocrx_word' id='word_1_373' title='bbox 297 4865 451 4915; x_wconf 79' lang='lat' dir='ltr'>&#39;nostram</span> <span class='ocrx_word' id='word_1_374' title='bbox 477 4873 683 4916; x_wconf 88' lang='lat' dir='ltr'>communem</span> <span class='ocrx_word' id='word_1_375' title='bbox 709 4873 771 4935; x_wconf 92' lang='lat' dir='ltr'>qua</span> <span class='ocrx_word' id='word_1_376' title='bbox 804 4853 867 4915; x_wconf 87' lang='lat' dir='ltr'>itur</span> <span class='ocrx_word' id='word_1_377' title='bbox 897 4852 937 4914; x_wconf 88' lang='lat' dir='ltr'>ad</span> <span class='ocrx_word' id='word_1_378' title='bbox 970 4853 1104 4934; x_wconf 89' lang='lat' dir='ltr'>Tersay,</span> <span class='ocrx_word' id='word_1_379' title='bbox 1136 4871 1154 4913; x_wconf 93' lang='lat' dir='ltr'>a</span> <span class='ocrx_word' id='word_1_380' title='bbox 1186 4863 1274 4933; x_wconf 88' lang='lat' dir='ltr'>parte</span> <span class='ocrx_word' id='word_1_381' title='bbox 1306 4849 1571 4932; x_wconf 89' lang='lat' dir='ltr'>septemtrionali,</span> 
     </span>
     <span class='ocr_line' id='line_1_42' title="bbox 311 4957 1571 5034; baseline -0.004 -12"><span class='ocrx_word' id='word_1_382' title='bbox 311 4961 451 5024; x_wconf 87' lang='lat' dir='ltr'>mediam</span> <span class='ocrx_word' id='word_1_383' title='bbox 475 4961 508 5022; x_wconf 91' lang='lat' dir='ltr'>in</span> <span class='ocrx_word' id='word_1_384' title='bbox 531 4974 600 5023; x_wconf 92' lang='lat' dir='ltr'>toto</span> <span class='ocrx_word' id='word_1_385' title='bbox 624 4961 745 5024; x_wconf 90' lang='lat' dir='ltr'>curiam</span> <span class='ocrx_word' id='word_1_386' title='bbox 770 4961 810 5022; x_wconf 90' lang='lat' dir='ltr'>ad</span> <span class='ocrx_word' id='word_1_387' title='bbox 836 4979 927 5022; x_wconf 90' lang='lat' dir='ltr'>usum</span> <span class='ocrx_word' id='word_1_388' title='bbox 954 4959 1037 5021; x_wconf 91' lang='lat' dir='ltr'>dicte</span> <span class='ocrx_word' id='word_1_389' title='bbox 1062 4959 1199 5021; x_wconf 88' lang='lat' dir='ltr'>civitatis</span> <span class='ocrx_word' id='word_1_390' title='bbox 1222 4959 1254 5019; x_wconf 92' lang='lat' dir='ltr'>in</span> <span class='ocrx_word' id='word_1_391' title='bbox 1280 4978 1312 5019; x_wconf 91' lang='lat' dir='ltr'>se</span> <span class='ocrx_word' id='word_1_392' title='bbox 1337 4957 1571 5034; x_wconf 91' lang='lat' dir='ltr'>continentem,</span> 
     </span>
    </p>
   </div>
   <div class='ocr_carea' id='block_1_3' title="bbox 0 0 1932 5798">
    <p class='ocr_par' dir='ltr' id='par_1_5' title="bbox 0 0 1932 5798">
     <span class='ocr_line' id='line_1_43' title="bbox 0 0 1932 5798; baseline 0 2"><span class='ocrx_word' id='word_1_393' title='bbox 0 0 1932 5798; x_wconf 95' lang='lat' dir='ltr'> </span> 
     </span>
    </p>
   </div>
  </div>
 </body>
</html>
