3854 5798
367 501 428 562 ²5²
897 480 982 536 Anno
1005 479 1099 556 1466.

366 694 406 756 ad
430 695 558 756 labores
582 693 727 756 eiusdem
752 693 845 754 vinee
870 693 1080 774 exposuisset,
1097 691 1294 754 vendidisset
1318 691 1387 774 jure
1411 703 1566 775 perpetuo
1584 705 1628 755 te·

367 801 507 864 nendum
533 815 563 864 et
586 799 826 884 possidendam.

472 907 551 970 Item
585 907 660 990 quia
692 906 828 990 provida
860 919 891 968 et
921 905 1057 968 honesta
1093 905 1209 966 mulier
1241 903 1404 966 Dorothea
1430 917 1542 966 vocata
1566 902 1633 966 filia

366 1013 504 1076 condam
537 1013 666 1076 Thome
699 1011 855 1076 carnificis
895 1012 970 1073 dicti
1004 1013 1136 1089 Kozalt,
1169 1012 1308 1094 primum
1349 1011 1459 1073 relicta
1493 1010 1631 1073 condam

367 1121 524 1183 Francisci
550 1121 665 1183 literati
699 1121 779 1182 olim
812 1119 869 1182 filii
904 1118 1040 1180 condam
1066 1119 1249 1200 Dominici,
1280 1118 1360 1180 olim
1393 1119 1505 1200 generi
1537 1118 1629 1180 Pauli

365 1227 521 1290 carnificis
545 1229 637 1290 aliter
662 1228 760 1289 Paule
778 1227 864 1305 dicti,
889 1226 967 1288 olim
993 1225 1134 1287 concivis
1159 1225 1271 1304 nostri,
1296 1245 1382 1287 nunc
1400 1245 1476 1287 vero
1501 1245 1631 1288 consors

366 1334 523 1413 legittima
547 1335 605 1394 viri
631 1334 758 1418 providi
782 1348 813 1396 et
837 1333 963 1395 honesti
991 1333 1070 1415 Elye
1094 1330 1209 1394 lusoris
1234 1352 1463 1415 campanarum
1489 1333 1631 1395 concivis

365 1441 463 1501 nostri
489 1439 546 1501 filii
572 1441 738 1503 Benedicti
756 1440 795 1501 de
814 1441 947 1520 Posega,
966 1437 1129 1521 quandam
1148 1440 1335 1522 porcionem
1353 1459 1442 1500 suam
1468 1439 1628 1501 vinealem

364 1566 419 1607 seu
437 1547 643 1609 medietatem
661 1547 826 1608 cuiusdam
840 1547 933 1608 vinee
944 1543 1056 1628 prelati
1069 1546 1205 1607 condam
1217 1545 1376 1608 Francisci
1401 1547 1517 1608 literati
1532 1547 1630 1628 vulgo

366 1652 561 1736 Zazydnyalr
585 1668 708 1732 vocate,
732 1673 795 1735 que
825 1652 962 1714 condam
988 1651 1127 1713 Johanni
1148 1651 1394 1734 Zygethchachlr
1410 1651 1572 1734 prefuerat
1596 1653 1628 1713 in

365 1759 525 1821 territorio
550 1774 660 1822 nostro
683 1780 739 1820 seu
764 1759 901 1820 civitatis
933 1757 1053 1840 prefate
1087 1759 1169 1819 inter
1200 1757 1327 1819 vineam
1361 1758 1494 1820 ecclesie
1519 1773 1625 1820 nostre

365 1865 557 1947 parochialis
582 1867 665 1928 beati
691 1867 790 1928 Marci
815 1865 1032 1946 ewangeliste,
1065 1885 1120 1946 per
1145 1879 1262 1926 metam
1288 1864 1502 1946 quarumdam
1524 1865 1621 1926 trium

365 1973 515 2033 arborum
530 1973 677 2034 crucibus
689 1972 884 2054 signatarum
901 1986 931 2032 et
945 1991 1002 2053 pro
1017 1985 1101 2033 meta
1116 1969 1351 2052 deputatarum,
1369 1990 1506 2052 quarum
1520 1972 1624 2053 prima

367 2079 461 2138 arbor
486 2079 587 2139 cerusi
613 2080 644 2140 in
671 2077 789 2140 fossato
815 2078 914 2160 ipsius
938 2079 1031 2138 vinee
1064 2091 1094 2138 et
1118 2077 1257 2139 secunda
1282 2079 1376 2138 arbor
1400 2078 1518 2138 merusi
1542 2075 1621 2139 infe-

365 2183 430 2245 rius
454 2187 513 2244 sub
538 2185 667 2264 vitibus,
699 2185 795 2246 tercia
828 2203 905 2244 vero
937 2185 1032 2245 arbor
1063 2203 1200 2265 quercus
1231 2183 1263 2244 in
1296 2183 1436 2264 virgulto
1460 2203 1561 2266 prope
1586 2184 1627 2244 ri-

365 2292 476 2354 vulum
502 2292 672 2353 constitute
698 2289 766 2354 sore
791 2291 999 2373 perhibentur
1016 2305 1171 2372 separate,
1195 2291 1235 2351 ab
1254 2309 1318 2351 una
1342 2304 1441 2372 parte,
1465 2292 1504 2352 ab
1529 2290 1627 2352 altera

365 2418 441 2460 vero
466 2413 554 2480 parte
588 2398 669 2460 inter
700 2398 828 2459 vineam
864 2397 984 2458 Mathie
1018 2411 1197 2477 tergowecz
1229 2395 1286 2457 filii
1312 2396 1468 2458 Anthonii
1494 2396 1533 2458 de
1559 2396 1628 2458 Sel-

364 2523 463 2586 nycza
488 2503 594 2565 habite
620 2517 651 2566 et
674 2505 848 2582 existentis,
881 2504 1018 2584 desuper
1042 2523 1059 2564 a
1085 2503 1134 2564 via
1169 2503 1336 2564 communi
1361 2517 1392 2564 et
1415 2502 1497 2564 inira
1524 2523 1627 2584 usque

365 2609 517 2690 rivulum,
542 2611 638 2672 simul
655 2630 726 2672 curn
751 2624 835 2671 terra
853 2609 957 2671 eidem
977 2610 1069 2671 vinee
1087 2609 1265 2690 subjacenti
1283 2609 1447 2671 mediante
1471 2610 1522 2670 via
1539 2629 1627 2671 com·

369 2717 459 2778 muni
484 2731 548 2778 tam
575 2717 713 2779 curruali
731 2737 827 2798 quam
853 2717 1002 2798 pedestri,
1018 2715 1142 2799 prefato
1169 2717 1248 2802 Elye
1274 2716 1374 2778 lusori
1399 2736 1626 2798 campanarum

363 2822 498 2884 domino
516 2837 546 2885 et
570 2824 685 2886 marito
699 2843 758 2885 suo
775 2824 988 2906 propinasset,
1005 2843 1179 2885 econverso
1197 2823 1319 2885 ibidem
1332 2822 1474 2906 prelatus
1491 2822 1627 2884 Mathias

363 2929 561 3010 Tergorvecz
585 2929 731 2991 vendidit
756 2929 918 3010 quandam
951 2929 1078 2990 vineam
1107 2949 1198 2992 suam
1233 2930 1337 2991 eidem
1363 2931 1456 2991 vinee
1481 2930 1624 2992 eiusdem

365 3035 444 3116 Elye
469 3037 665 3116 contiguam,
690 3056 788 3117 quarn
821 3039 887 3118 ipse
920 3035 1058 3096 Mathias
1089 3037 1236 3098 vendidit
1270 3035 1394 3120 prelato
1421 3036 1501 3119 Elye
1525 3035 1625 3098 lusori

363 3160 590 3222 campanarum
615 3161 672 3224 pro
697 3159 835 3223 quatuor
859 3141 928 3203 flor.
954 3143 1033 3220 auri,
1059 3157 1089 3204 et
1106 3143 1188 3204 inter
1212 3144 1339 3205 vineam
1365 3143 1623 3205 condicionalem

363 3245 526 3307 Dominici
551 3246 707 3309 carnificis
731 3247 872 3309 habitam
891 3262 922 3309 et
947 3249 1146 3328 existentem,
1163 3251 1250 3311 salva
1271 3250 1333 3311 alia
1351 3250 1522 3312 medietate
1543 3250 1624 3310 eius-

364 3352 435 3434 dem
462 3353 555 3415 vinee
580 3373 677 3434 quam
713 3352 834 3436 prelata
861 3373 990 3416 consors
1015 3356 1159 3418 eiusdem
1191 3356 1296 3418 eidem
1323 3356 1403 3439 Elye
1427 3356 1621 3438 propinavit,

361 3477 457 3539 quam
484 3459 617 3521 heredes
640 3475 671 3522 et
694 3480 892 3523 successores
916 3462 1054 3524 condam
1080 3462 1234 3525 Anthonil
1260 3463 1401 3543 agricole
1427 3461 1619 3545 Mythinogh

362 3564 438 3626 dicti
463 3566 636 3629 literatorie
661 3568 873 3628 dinoscuntur
897 3569 1075 3651 possidere.
1600 3627 1604 3632 .

467 3673 545 3734 ltem
570 3673 657 3754 quod
683 3673 759 3754 quia
784 3693 842 3735 nos
859 3675 892 3735 in
916 3689 1107 3736 testamento
1125 3676 1263 3738 condam
1280 3676 1340 3738 viri
1364 3675 1492 3758 providi
1517 3689 1547 3736 et
1566 3674 1623 3735 ho·

361 3781 441 3842 nesti
467 3781 596 3842 Martini
621 3780 750 3841 sartoris
774 3794 804 3841 et
828 3782 943 3842 rasoris
960 3801 1152 3862 pannorum,
1172 3801 1227 3864 per
1244 3783 1350 3865 ipsum
1368 3783 1399 3843 in
1424 3802 1483 3843 suo
1507 3781 1622 3842 ultimo

361 3887 491 3967 eulogio
516 3887 673 3948 conscribi
698 3885 781 3948 lacto
806 3901 837 3948 et
861 3906 967 3948 coram
993 3887 1086 3949 nobis
1111 3888 1142 3948 in
1163 3889 1269 3970 specie
1293 3888 1452 3970 producto
1476 3905 1622 3969 expresse

361 3993 500 4054 vidimus
531 3994 698 4072 contineri,
730 3993 818 4075 quod
853 3994 929 4054 dum
964 3992 1104 4076 prelatus
1142 3995 1298 4057 Martinus
1327 3995 1358 4056 in
1384 3995 1534 4056 extremis
1557 3994 1621 4054 vite

359 4120 414 4160 sue
439 4101 624 4181 temporalis
648 4101 834 4178 laborasset,
858 4114 934 4161 tunc
958 4103 1026 4182 ipse
1058 4101 1222 4182 quandam
1247 4101 1381 4163 domum
1407 4120 1497 4162 suam
1523 4100 1621 4161 simul

359 4225 432 4266 cum
457 4203 558 4266 fundo
583 4219 612 4266 et
638 4205 794 4268 hedificiis
819 4208 850 4266 in
877 4206 960 4268 dicta
986 4207 1114 4270 civitate
1143 4221 1174 4270 et
1198 4209 1280 4270 inter
1305 4208 1422 4270 domos
1446 4221 1477 4270 et
1503 4205 1622 4268 fundos

361 4313 502 4373 virorum
527 4313 747 4394 providorum,
772 4317 811 4374 ab
837 4334 899 4375 una
921 4315 1071 4376 videlicet
1095 4336 1112 4376 a
1142 4329 1229 4397 parte
1254 4315 1507 4396 septemtrionali
1534 4313 1621 4398 Dyo-

260 4428 263 4432 ’
360 4419 432 4480 nisii
456 4421 585 4481 sartoris
603 4421 737 4482 senioris
761 4421 854 4502 jurati
872 4437 902 4482 et
919 4422 1002 4483 inter
1018 4422 1166 4484 similiter
1183 4421 1320 4483 fundum
1339 4420 1510 4483 Cristolori
1528 4421 1621 4482 sella·

359 4527 437 4588 toris
462 4540 644 4589 nostrorum
662 4529 808 4590 similiter
832 4529 1014 4589 concivium
1033 4529 1174 4589 habitam
1201 4542 1232 4589 et
1256 4528 1455 4607 existentem,
1480 4527 1620 4589 mediam

359 4635 480 4696 curiam
505 4635 544 4696 ad
570 4655 663 4696 usum
688 4635 771 4696 dicte
794 4635 931 4698 civitatis
964 4637 994 4696 in
1027 4656 1058 4696 se
1092 4636 1330 4712 continentem3
1356 4635 1431 4696 item
1464 4636 1620 4718 quasdam

359 4741 438 4802 duas
461 4742 571 4802 vineas
594 4761 677 4820 suas,
702 4761 799 4802 unam
816 4741 1073 4803 condicionalem
1095 4757 1125 4803 et
1142 4743 1239 4803 aliam
1255 4743 1402 4820 liberam,
1427 4761 1525 4822 quam
1552 4741 1619 4822 ipse

360 4847 514 4908 Martinus
538 4862 657 4908 emerat
681 4869 698 4908 a
723 4847 796 4908 liliis
819 4847 956 4909 condam
983 4849 1111 4909 Martini
1136 4849 1336 4930 carpentarii,
1370 4847 1549 4929 empcionis
1581 4847 1619 4910 ti·

358 4954 426 5014 tulo
462 4953 636 5017 literatorie
670 4968 934 5033 concernentem,
967 4955 1101 5036 provide
1134 4955 1262 5017 mulieri
1295 4954 1473 5038 Elyzabeth
1506 4969 1618 5015 vocate
