3840 5810
394 734 517 815 ligneas
541 751 638 813 quarn
665 745 805 792 muratas
829 745 859 791 et
886 727 1004 790 lundos
1027 727 1167 788 Ladislai
1192 727 1231 788 de
1256 726 1418 805 Drenoua,
1442 747 1460 788 a
1483 741 1571 810 parte
1588 745 1656 810 sep-

393 839 601 919 temtrionali,
625 858 661 900 ac
688 837 784 900 Blasii
803 837 881 898 alias
898 835 1011 896 decani
1038 834 1202 895 colendini
1220 831 1489 895 confraternitatis
1513 847 1658 895 sutorum

395 947 547 1024 habitam,
592 965 665 1008 cum
697 945 762 1006 suis
793 943 984 1005 utilitatibus
1015 955 1046 1003 et
1078 940 1283 1022 pertinenciis
1314 940 1474 1026 universis
1508 937 1658 1001 Michaeli

395 1052 546 1135 lrenipari
571 1052 638 1114 tilio
664 1051 804 1129 Thome,
829 1049 932 1130 jurato
964 1061 1074 1109 nostro
1098 1047 1267 1125 moderno,
1299 1067 1334 1108 ac
1360 1045 1488 1108 Thome
1512 1045 1659 1106 similiter

396 1157 546 1242 lrenipari
572 1158 639 1220 filio
665 1156 804 1234 andree,
829 1155 953 1218 concivi
978 1154 1125 1214 similiter
1157 1167 1277 1232 nostro,
1302 1172 1359 1234 pro
1391 1152 1503 1213 decem
1528 1164 1559 1212 et
1582 1164 1655 1212 octo

396 1285 468 1326 cum
501 1265 607 1326 media
640 1264 754 1325 marcis
779 1263 983 1323 denariorum
1008 1259 1224 1320 vendiderunt
1248 1270 1403 1340 perpetuo
1428 1256 1657 1340 possidendam

396 1385 427 1433 et
450 1371 621 1453 superinde
654 1385 700 1430 est
724 1370 815 1430 litera
843 1369 901 1428 sub
927 1366 1078 1448 pendenti
1103 1365 1211 1444 sigillo
1236 1363 1476 1426 communitatis
1501 1376 1658 1425 emanata.

503 1495 580 1557 ltem
606 1493 757 1556 dominus
781 1492 934 1554 Nicolaus
957 1491 1113 1573 presbiter
1137 1490 1294 1572 plebanus
1319 1488 1450 1550 ecclesie
1475 1500 1582 1548 nostre
1605 1506 1658 1568 pa·

397 1602 547 1664 rochialis
571 1602 654 1662 beati
680 1601 777 1662 Marci
796 1597 1000 1679 ewangeliste
1030 1597 1061 1658 in
1088 1596 1172 1657 dicta
1196 1595 1334 1672 civitate,
1352 1596 1435 1656 inter
1452 1593 1588 1655 fundum
1605 1612 1657 1654 va-

397 1729 492 1770 cuum
518 1707 681 1769 Benedicti
707 1706 799 1788 jurati
817 1703 875 1766 filii
894 1703 1032 1786 Gywani
1051 1722 1087 1764 ac
1106 1701 1254 1783 Gregorii
1273 1700 1414 1762 concivis
1431 1699 1542 1778 nostri,
1560 1719 1658 1780 quan-

397 1816 470 1876 dam
502 1813 635 1875 domum
668 1826 699 1874 et
729 1811 865 1873 fundum
899 1809 1008 1872 relicte
1042 1809 1179 1870 condam
1213 1806 1345 1888 Georgii
1379 1807 1475 1889 Zywa
1507 1804 1660 1883 habitam,

398 1941 494 1982 unam
520 1933 666 2000 quartam
692 1919 777 1980 curie
811 1919 841 1978 in
868 1937 901 1978 se
933 1917 1172 1993 continentem,
1207 1916 1292 1994 juxta
1324 1925 1473 1976 contenta
1497 1913 1659 1974 literarum

400 2027 649 2111 privilegialium
674 2025 818 2106 Georgio
843 2024 981 2106 agricole
1015 2023 1081 2084 filio
1109 2023 1247 2106 Mathye,
1280 2041 1365 2082 novo
1392 2020 1516 2082 concivi
1542 2033 1661 2097 nostro,

399 2133 542 2194 vendidit
565 2145 722 2216 perpetuo
746 2129 974 2214 possidendam
999 2143 1030 2191 et
1050 2128 1222 2211 superinde
1240 2142 1287 2189 est
1310 2127 1402 2188 litera
1426 2126 1485 2188 sub
1510 2125 1660 2208 pendenti

398 2239 505 2320 sigillo
530 2239 771 2300 communitatis
796 2249 956 2298 emanata.

479 2477 560 2547 ltem
589 2477 731 2547 sabbato
767 2479 918 2564 proximo
948 2483 1025 2545 ante
1054 2475 1176 2544 festum
1205 2472 1461 2545 Purificacionis
1489 2473 1584 2542 beate

887 2597 1029 2686 virginis
1058 2598 1173 2668 llarie.

917 2780 956 2846 (1.
975 2767 1149 2844 februarii).

510 2927 587 2990 ltem
615 2929 804 2989 Ambrosius
835 2927 920 2989 filius
952 2928 1089 2988 condam
1114 2926 1292 2989 Clementis
1316 2925 1469 2987 institoris
1500 2924 1662 3006 quandam

402 3047 524 3116 partem
549 3047 631 3096 terre
656 3054 712 3095 sue
748 3034 876 3096 arabilis
908 3035 939 3094 in
973 3053 1087 3115 campo
1122 3047 1230 3094 nostro
1262 3052 1319 3092 seu
1351 3032 1486 3092 civitatis
1519 3031 1661 3112 predicte

401 3140 551 3201 videlicet
576 3141 606 3200 in
634 3139 856 3223 Cirkwysche,
879 3141 961 3202 inter
986 3155 1101 3202 terram
1134 3160 1191 3201 seu
1215 3139 1402 3220 porcionem
1426 3151 1508 3199 terre
1533 3136 1663 3198 Thome

402 3245 477 3307 dicti
502 3246 662 3330 Aythych,
687 3248 726 3306 ab
751 3246 928 3324 occidente,
953 3247 992 3306 ab
1017 3246 1139 3307 oriente
1171 3246 1252 3306 inter
1275 3246 1360 3306 viam
1386 3263 1592 3306 communem
1609 3243 1663 3304 ha-

402 3353 512 3429 bitam,
537 3353 616 3413 duas
640 3372 712 3413 curn
738 3353 844 3413 media
869 3353 970 3414 ‹lietas
1001 3367 1082 3412 terre
1109 3353 1139 3413 in
1172 3372 1204 3412 se
1229 3351 1460 3430 continentem,
1493 3369 1566 3411 cum
1599 3349 1664 3409 suis

402 3458 606 3539 pertinenciis
629 3459 755 3518 Andree
780 3471 811 3519 et
833 3457 991 3539 Gregorio
1020 3478 1056 3519 ac
1074 3457 1235 3520 Clementi
1259 3456 1331 3517 filiis
1349 3455 1486 3517 condam
1513 3455 1663 3538 Symonis

402 3564 442 3625 de
467 3564 599 3625 Raboch
624 3585 681 3646 pro
707 3580 844 3645 quatuor
868 3565 982 3626 marcis
999 3565 1203 3625 denariorum
1221 3563 1368 3624 vendidit
1391 3577 1547 3644 perpetuo
1565 3560 1662 3644 possi·

402 3669 541 3730 dendam
566 3683 597 3732 et
620 3671 792 3752 superinde
817 3685 863 3731 est
895 3671 985 3732 litera
1010 3673 1069 3731 sub
1102 3668 1254 3752 pendenti
1287 3669 1395 3750 sigillo
1422 3668 1664 3731 communitatis

402 3791 558 3838 emanata.

507 3899 583 3960 ltem
610 3899 710 3960 Elena
728 3900 836 3961 relicta
849 3901 985 3962 condam
998 3901 1126 3983 Mathye
1140 3900 1196 3962 frlii
1208 3900 1332 3963 Crisani
1353 3902 1428 3963 dicti
1446 3897 1662 3963 Chernkolilii

402 4007 486 4067 Petri
511 4021 541 4066 et
565 4006 711 4067 Thomas
736 4005 820 4068 filius
852 4007 997 4069 eiusdem
1023 4008 1162 4091 Mathye,
1196 4028 1232 4068 ex
1258 4007 1371 4069 eodem
1406 4021 1437 4069 et
1461 4027 1497 4069 ex
1522 4005 1663 4088 predicta

403 4112 503 4172 Elena
521 4113 655 4173 muliere
673 4112 829 4192 legittime
843 4115 1041 4195 progenitus,
1059 4115 1207 4176 concives
1221 4116 1331 4193 nostri,
1348 4114 1511 4196 quandam
1530 4113 1662 4174 domum

401 4237 513 4280 eorum
539 4231 696 4280 muratam
722 4231 752 4280 et
782 4219 923 4299 ligneam
948 4240 1020 4281 cum
1047 4220 1149 4282 fundo
1178 4222 1284 4283 eidem
1315 4220 1503 4303 subjacenti,
1528 4221 1559 4280 in
1578 4219 1664 4281 dicta

401 4323 528 4386 civitate
554 4325 634 4386 inter
658 4325 772 4386 domos
797 4339 827 4385 et
852 4324 969 4387 fundos
993 4328 1168 4388 liberorum
1187 4329 1324 4389 condam
1347 4327 1444 4388 Blasii
1469 4326 1608 4408 agricole
1633 4341 1664 4387 et

401 4431 576 4492 liberorum
602 4431 739 4493 condam
766 4432 920 4493 Demetrii
947 4434 986 4494 de
1016 4434 1222 4513 Rethltowez,
1255 4448 1437 4496 nostrorum
1470 4433 1663 4513 concivium,

402 4551 432 4597 et
456 4537 536 4598 inter
560 4537 627 4597 vias
651 4557 840 4598 communes
864 4538 1018 4619 habitam,
1051 4561 1149 4602 unam
1174 4555 1320 4622 quartam
1353 4555 1384 4602 et
1407 4555 1553 4602 octavam
1578 4542 1664 4603 curie

401 4643 442 4704 ad
464 4662 556 4703 usum
583 4642 666 4704 dicte
691 4644 826 4706 civitatis
858 4646 889 4706 in
923 4666 956 4706 se
991 4647 1221 4724 continentem,
1253 4666 1326 4708 cum
1359 4647 1423 4708 suis
1458 4647 1664 4728 pertinenciis

403 4749 530 4834 Mathye
555 4748 622 4811 filio
648 4749 779 4832 Georgii
807 4751 845 4812 de
870 4753 995 4814 Nowalt
1020 4772 1077 4833 pro
1110 4752 1283 4814 duodecim
1307 4752 1376 4814 flor.
1408 4754 1476 4814 auri
1510 4754 1663 4815 vendide-

401 4869 474 4915 runt
498 4869 654 4937 perpetuo
679 4857 904 4938 possidendam
932 4872 962 4919 et
986 4859 1157 4940 superinde
1183 4873 1229 4920 est
1247 4861 1337 4922 litera
1361 4861 1420 4922 sub
1444 4861 1598 4942 pendenti
1622 4863 1663 4922 si·

401 4961 480 5041 gillo
506 4963 744 5025 communitatis
769 4978 924 5026 emanata.
