3832 5804
249 814 397 897 apostoli,
422 834 440 876 a
464 815 706 897 septemtrione,
732 829 763 876 et
787 814 869 877 inter
899 815 998 876 altare
1023 814 1114 875 beate
1140 813 1318 896 Elyzabeth
1352 815 1448 878 vidue
1481 829 1513 879 et

247 935 355 983 sancte
380 920 543 983 Dorothee
569 921 711 1003 virginis,
736 919 949 982 ameridione
969 918 1114 981 habitum
1138 933 1168 980 et
1192 920 1356 1000 situatum,
1374 921 1513 983 Johanni

248 1025 346 1108 judici
370 1026 438 1088 filio
463 1027 601 1089 condam
619 1027 701 1088 Pero
717 1026 810 1108 jurati
841 1047 897 1109 per
918 1026 1159 1088 devotissimam
1177 1041 1208 1088 et
1228 1028 1398 1089 instantem
1416 1029 1515 1111 ipsius

247 1133 441 1217 peticionem
466 1153 523 1215 per
546 1147 646 1196 totam
665 1133 933 1195 communitatem
956 1133 1074 1194 civium
1093 1132 1229 1194 civitatis
1252 1147 1419 1214 prenotate
1437 1154 1514 1196 una·

248 1241 326 1302 nimi
352 1241 487 1302 consilio
512 1253 543 1302 et
567 1255 690 1302 matura
715 1239 954 1302 deliberacione
987 1240 1153 1300 communi
1179 1239 1211 1300 in
1236 1260 1375 1321 persona
1399 1241 1515 1322 judicis

249 1361 279 1410 et
302 1347 478 1430 juratorum
504 1361 688 1410 nostrorum
713 1348 944 1409 modernorum
969 1365 1005 1407 ac
1029 1346 1177 1406 omnium
1200 1365 1422 1410 successorum
1448 1361 1514 1410 tam

248 1454 393 1536 ipsorum
416 1453 595 1534 juratorum
613 1467 796 1516 nostrorum
821 1453 1052 1515 modernorum
1071 1471 1168 1534 quarn
1187 1453 1285 1535 ipsius
1302 1469 1408 1517 nostre
1427 1473 1513 1517 com-

248 1561 423 1640 munitatis,
448 1581 485 1621 ex
511 1580 670 1622 consensu
704 1560 805 1622 eciam
839 1560 963 1620 domini
997 1559 1123 1621 Nicolai
1155 1559 1285 1640 plebani
1310 1559 1431 1642 prefate
1464 1579 1514 1622 ec·

248 1665 342 1728 clesie
367 1679 473 1727 nostre
498 1666 701 1748 parochialis,
726 1678 756 1728 et
773 1665 937 1727 recludere
963 1678 993 1727 et
1017 1664 1126 1726 dotare
1146 1685 1181 1726 ac
1205 1665 1357 1726 omnibus
1382 1665 1514 1728 decora·

247 1773 394 1834 cionibus
417 1785 448 1834 et
489 1773 739 1834 circumstanciis
774 1772 995 1834 ecclesiasticis
1026 1771 1085 1852 ipsi
1117 1771 1207 1833 altari
1240 1772 1426 1834 necessariis
1466 1787 1513 1835 est

248 1879 397 1942 benivole
430 1880 540 1940 datum
565 1895 596 1940 et
620 1897 807 1940 concessum
832 1878 872 1940 ad
897 1878 1135 1940 celebrationes
1159 1893 1316 1940 certarum
1343 1879 1511 1940 missarum

246 1985 371 2067 singula
395 1985 539 2067 qualibet
562 1986 738 2066 septimana
759 1985 821 2046 hiis
853 1985 989 2066 singulis
1021 1999 1159 2065 quatuor
1195 1983 1319 2064 diebus,
1344 1985 1510 2049 videlicet:

247 2092 298 2153 die
323 2091 503 2153 dominica:
530 2091 569 2152 de
594 2093 685 2152 beata
711 2110 837 2172 semper
861 2090 988 2171 virgine
1007 2090 1120 2168 Maria,
1142 2105 1173 2151 et
1197 2089 1275 2152 seria
1300 2091 1439 2153 secunda
1464 2092 1511 2152 in·

248 2198 384 2259 mediate
409 2199 574 2280 sequenti:
600 2217 658 2279 pro
676 2197 914 2279 propiciacione
940 2197 1083 2278 ipsorum
1101 2196 1256 2258 Johannis
1269 2195 1384 2278 judicis
1408 2211 1438 2258 et
1455 2197 1511 2259 do-

248 2304 333 2365 mine
360 2305 522 2366 Dorothee
549 2305 706 2366 consortis
729 2323 797 2382 sue,
829 2323 864 2365 ac
890 2302 968 2364 feria
1000 2317 1112 2384 quarta
1145 2303 1319 2366 inmediate
1345 2304 1511 2386 sequenti:

248 2410 285 2470 de
310 2425 419 2472 sancto
444 2410 591 2488 Nicola0‚
616 2425 647 2472 et
672 2410 712 2471 de
736 2423 844 2472 sancta
863 2409 967 2471 Cruce
992 2407 1069 2470 feria
1091 2423 1177 2470 sexta
1194 2410 1340 2492 proxime
1365 2411 1512 2472 similiter

247 2517 393 2596 sequenti
418 2516 684 2578 celebrandarum
709 2515 871 2598 perpetuis
894 2515 1095 2597 temporibus
1119 2516 1186 2576 sine
1211 2515 1300 2577 omni
1326 2514 1455 2578 delectu
1479 2532 1512 2580 et

247 2623 495 2701 intermissione,
519 2623 575 2684 tali
601 2623 711 2701 modo,
736 2636 770 2683 ut
796 2623 863 2704 ipse
887 2621 1051 2683 lohannes
1078 2620 1175 2702 judex
1199 2635 1344 2702 tempore
1369 2623 1432 2684 vite
1455 2643 1512 2685 sue

247 2729 411 2810 usquead
437 2743 573 2790 mortem
606 2749 695 2790 suam
721 2743 752 2790 et
786 2743 858 2810 post
890 2742 1027 2790 mortem
1059 2747 1150 2790 suam
1182 2728 1315 2789 domina
1348 2728 1511 2792 Dorothee

247 2854 378 2896 consors
402 2855 469 2914 sua,
494 2855 529 2896 ac
547 2849 618 2918 post
643 2849 779 2897 mortem
798 2835 939 2917 ipsorum
958 2837 1139 2912 amborum,
1157 2835 1252 2915 judex
1277 2849 1308 2896 et
1323 2835 1417 2915 jurati
1435 2837 1512 2898 civi-

246 2943 319 3002 tatis
343 2955 509 3023 prenotate
534 2961 593 3024 pro
609 2956 754 3024 tempore
771 2941 935 3003 constituti
961 2962 997 3002 ac
1018 2941 1085 3022 ipsa
1105 2955 1170 3002 tota
1195 2943 1410 3004 communitas
1435 2944 1511 3005 civi-

247 3049 319 3110 tatis
343 3049 483 3131 predicte
501 3050 585 3131 ipsas
610 3049 721 3110 missas
737 3062 908 3131 perpetuas
933 3049 964 3108 in
982 3048 1127 3130 predicto
1149 3049 1240 3111 altari
1265 3051 1364 3112 sancti
1382 3051 1510 3114 Nicolai

247 3155 387 3238 episcopi
414 3170 444 3217 et
468 3155 660 3217 confessoris
683 3156 752 3217 sine
776 3155 865 3218 omni
891 3154 1018 3217 defectu
1043 3169 1074 3216 et
1098 3156 1335 3218 intermissione
1359 3157 1510 3238 perficere

248 3276 277 3323 et
300 3281 451 3344 peragere
475 3263 637 3324 tenebitur
661 3275 691 3322 et
716 3262 881 3324 debebunt
913 3275 943 3322 et
967 3281 1026 3322 nos
1059 3263 1242 3323 tenebimur
1267 3277 1297 3324 et
1322 3262 1512 3326 debebimus

248 3369 301 3446 ita,
326 3369 414 3449 quod
439 3367 505 3451 ipse
531 3369 693 3430 lohannes
725 3367 821 3449 judex
846 3387 946 3429 unum
979 3367 1181 3429 sacerdotem
1217 3370 1338 3430 bonum
1365 3370 1404 3431 ad
1429 3371 1511 3432 cele·

249 3475 406 3536 brandum
433 3475 517 3558 ipsas
540 3475 652 3537 missas
677 3475 818 3556 eligendi
842 3475 977 3536 liberam
1003 3473 1118 3536 babeat
1141 3489 1345 3557 potestatem.

248 3695 330 3766 ltenr
359 3695 443 3767 feria
472 3705 598 3786 quarta
629 3699 659 3766 in
690 3695 807 3785 vigilia
847 3696 926 3766 festi
965 3693 1217 3768 Purificacionis
1253 3697 1348 3769 beate
1378 3717 1511 3787 semper

737 3818 879 3908 virginis
926 3820 1040 3890 llarie.

756 3985 797 4049 (1.
813 3971 990 4050 februarii).

354 4113 431 4174 ltem
458 4111 570 4174 Ralael
595 4112 678 4174 lilius
703 4111 840 4174 condam
870 4113 1024 4174 Johannis
1055 4112 1170 4194 judicis
1194 4113 1251 4175 filii
1277 4114 1415 4176 condam
1441 4114 1511 4176 Ste-

249 4219 345 4300 phani
371 4219 447 4280 dicti
473 4219 571 4296 bozo,
597 4219 759 4302 quandam
789 4219 901 4280 silvam
928 4239 1017 4281 suam
1044 4219 1076 4280 in
1108 4221 1269 4282 territorio
1294 4234 1403 4282 nostro
1430 4221 1511 4282 inter

247 4325 360 4386 silvam
386 4325 549 4386 colendini
575 4324 844 4387 confraternitatis
870 4325 1058 4388 Sclavorum
1084 4341 1114 4386 et
1132 4327 1214 4387 inter
1238 4327 1350 4387 silvam
1378 4327 1509 4388 Martini

247 4432 361 4512 judicis
393 4432 451 4494 filii
477 4431 617 4510 Thome‚
649 4432 754 4493 eidem
788 4433 927 4494 Martino
958 4433 1056 4514 judici
1081 4452 1139 4513 pro
1172 4433 1315 4514 quinque
1341 4433 1410 4496 flor.
1435 4455 1510 4495 ven·

248 4539 329 4600 didit
346 4537 748 4620 perpetuopossidendam
774 4551 804 4600 et
828 4539 999 4621 superinde
1024 4553 1070 4599 est
1093 4539 1153 4599 sibi
1187 4540 1277 4600 litera
1302 4539 1511 4622 privilegialis

247 4647 306 4707 sub
331 4645 484 4727 pendenti
509 4644 616 4726 sigillo
641 4645 881 4707 communitatis
905 4659 1061 4708 emanata.

351 4751 429 4813 ltem
454 4751 619 4832 quoddam
643 4750 740 4811 senile
766 4751 798 4812 in
826 4751 985 4812 territorio
1018 4765 1048 4812 et
1072 4771 1186 4832 campo
1212 4751 1346 4812 civitatis
1385 4751 1505 4834 prefate

246 4855 278 4916 in
302 4856 444 4937 quodam
469 4857 541 4918 loco
566 4857 730 4918 communi
758 4857 949 4939 paludinoso
975 4871 1005 4918 et
1026 4857 1223 4918 arundinoso
1249 4857 1370 4938 Zygeth
1397 4859 1509 4938 vulga-

248 4961 322 5023 riter
346 4962 444 5041 dicto‚
469 4963 501 5022 in
526 4963 689 5025 vicinitate
713 4977 867 5026 terrarum
901 4964 1075 5024 liberorum
1110 4985 1165 5025 seu
1190 4985 1408 5026 successorum
1434 4985 1509 5026 con·

249 5067 324 5130 darn
349 5067 504 5130 Johannis
528 5068 642 5150 judicis
666 5071 742 5131 dicti
769 5070 867 5154 Bolye
892 5069 1048 5148 habitum,
1077 5071 1179 5132 libero
1204 5071 1302 5132 modo
1327 5072 1509 5193 sine*omni
