3854 5798
798 578 885 637 Anno
908 574 997 655 1467.
1205 613 1214 634 ·
1467 581 1528 660 263

269 790 459 853 successoris
482 789 620 852 condam
639 789 777 853 Emerici
796 790 986 873 carpentarii
1011 791 1089 852 olim
1107 789 1251 851 concivis
1269 790 1381 868 nostri,
1405 803 1437 852 et
1462 793 1530 874 My·

270 896 344 979 klyn
370 894 526 958 carnificis
558 896 636 958 alias
665 897 813 958 similiter
844 898 987 958 concivis
1020 897 1178 975 nostri,a
1211 910 1300 977 parte
1324 896 1530 960 meridionali

268 1003 360 1064 sitam
385 1016 417 1064 et
439 1001 652 1084 adjacentem,
670 1003 808 1085 desuper
832 1025 848 1065 a
873 1005 924 1065 via
942 1004 1106 1065 communi
1125 1022 1241 1084 magna
1266 1017 1297 1064 et
1321 1001 1402 1064 infra
1428 1023 1530 1085 usque

268 1110 419 1189 rivulum,
443 1109 539 1171 simul
563 1129 637 1171 cum
662 1109 802 1192 virgulto
827 1109 931 1171 eidem
966 1110 1058 1171 vinee
1083 1108 1271 1190 subjacenti,
1297 1108 1458 1172 mediante
1482 1131 1530 1172 se-

267 1217 344 1278 mita
370 1216 482 1278 vicinis
506 1216 580 1295 illis,
605 1216 722 1298 quibus
751 1217 882 1278 interest
915 1231 945 1277 et
969 1216 1116 1298 pertinet,
1149 1215 1250 1277 libera
1275 1230 1472 1296 remanente,
1496 1238 1529 1279 se

268 1322 504 1400 extendentem,
530 1323 633 1404 ipsum
660 1321 862 1384 Demetrium
888 1341 1027 1384 rasorem
1061 1341 1242 1403 pannorum
1266 1343 1284 1383 a
1308 1321 1429 1405 prefata
1454 1343 1529 1385 con-

267 1427 341 1490 dam
367 1428 468 1490 Elena
493 1443 640 1490 consorte
664 1449 721 1490 sua
746 1429 903 1510 legittima
928 1427 993 1491 filia
1019 1447 1096 1490 vero
1130 1429 1228 1510 ipsius
1253 1429 1385 1491 domine
1410 1430 1528 1492 Kathe·

267 1536 335 1598 rinc
359 1535 549 1602 donacionis
574 1551 604 1598 et
628 1537 869 1618 propinacionis
892 1535 987 1597 titulo
1012 1535 1187 1598 literatorie
1215 1549 1473 1616 concernentem,
1499 1551 1529 1600 et

266 1640 397 1704 tandem
422 1642 523 1723 ipsam
549 1642 715 1704 dominam
742 1642 951 1704 Katherinam
973 1661 1032 1724 pro
1049 1641 1142 1703 certis
1166 1640 1292 1720 debitis,
1317 1643 1435 1723 quibus
1460 1643 1527 1726 ipsa

267 1748 404 1809 condam
431 1748 531 1810 Elena
556 1747 619 1809 filia
644 1764 674 1810 et
693 1748 874 1810 Demetrius
901 1768 999 1830 gener
1017 1748 1115 1830 ipsius
1132 1747 1235 1809 eidem
1261 1746 1393 1810 domine
1411 1749 1529 1812 Kathe·

266 1855 334 1916 rine
358 1854 516 1916 debitorie
547 1855 793 1936 obligabantur,
825 1871 920 1937 prout
956 1855 1017 1916 hoc
1049 1854 1162 1916 eadem
1195 1853 1327 1915 domina
1353 1854 1528 1917 Katherina

267 1961 359 2022 certis
383 1974 414 2022 et
437 1961 685 2023 evidentissimis
710 1962 914 2023 documentis
938 1980 1046 2023 coram
1065 1961 1158 2022 nobis
1183 1961 1416 2042 comprobavit,
1441 1961 1527 2043 lega-

266 2081 330 2129 tam
355 2066 423 2129 fore
448 2081 479 2129 et
503 2067 678 2147 dimissam,
710 2069 804 2130 simul
839 2088 912 2130 cum
937 2069 1088 2129 omnibus
1121 2066 1266 2128 eiusdem
1290 2067 1383 2129 vinee
1409 2068 1527 2130 utilita-

266 2175 352 2236 tibus
376 2189 407 2236 et
439 2175 646 2257 pertinenciis
678 2175 834 2236 universis
865 2174 987 2257 prelato
1020 2173 1187 2235 Anthonio
1218 2174 1337 2235 seniori
1368 2173 1472 2255 jurato
1496 2189 1527 2238 et

268 2281 392 2343 concivi
417 2293 527 2343 nostro
551 2281 666 2342 marito
691 2281 847 2342 moderno
860 2301 918 2342 suo
936 2283 978 2342 ob
1003 2299 1145 2342 amorem
1171 2279 1349 2360 conjugalis
1372 2294 1403 2342 et
1429 2282 1524 2343 mari-

266 2388 337 2450 talis
362 2387 549 2449 dileccionis
573 2407 608 2449 ac
639 2407 786 2469 pereum
811 2388 953 2469 ipsorum
971 2385 1143 2448 heredibus
1159 2386 1199 2446 ab
1216 2385 1337 2446 eisdem
1354 2387 1527 2467 procreatis

268 2505 299 2560 et
323 2495 355 2555 in
381 2493 523 2556 futurum
548 2494 755 2576 procreandis
779 2494 919 2555 dedisset
951 2507 982 2554 et
1006 2492 1206 2574 propinasset
1238 2505 1309 2570 etc,
1340 2512 1436 2575 supet
1460 2513 1526 2575 quo

267 2600 339 2662 data
364 2615 411 2662 est
435 2600 539 2662 eidem
567 2601 658 2662 litera
683 2599 766 2663 dicte
788 2599 1029 2661 communitatis
1045 2598 1255 2680 privilegialis
1278 2599 1362 2661 dicte
1380 2599 1525 2665 civitatis.

291 2745 295 2751 ·
371 2707 450 2770 Item
476 2707 552 2789 quia
585 2707 717 2790 provida
752 2707 885 2768 domina
910 2704 1088 2788 Elyzabeth
1121 2719 1232 2767 vocata
1256 2706 1364 2768 relicta
1389 2707 1526 2770 condam

265 2812 324 2874 viri
348 2813 475 2894 providi
501 2813 654 2874 Friderici
673 2813 765 2874 aliter
782 2813 884 2897 Frycz
908 2812 1013 2873 vocati
1031 2811 1110 2873 olim
1135 2812 1270 2874 senioris
1285 2811 1378 2893 jurati
1403 2827 1434 2876 et
1451 2833 1526 2876 con·

265 2919 343 2980 civis
364 2919 476 2999 nostri,
501 2919 643 2981 concivis
667 2933 785 2998 nostra,
810 2919 849 2980 ad
876 2933 1017 2980 nostram
1035 2918 1245 3001 personaliter
1269 2919 1430 2981 veniendo
1455 2940 1524 3002 pre·

264 3027 404 3088 sentiam
429 3024 572 3088 confessa
597 3041 644 3087 est
676 3025 707 3087 in
740 3025 823 3087 hunc
856 3026 1011 3087 modum:
1045 3038 1079 3087 ut
1103 3025 1178 3106 quia
1210 3025 1312 3106 ipsam
1336 3026 1456 3088 nobilis
1479 3027 1527 3088 vir

264 3133 392 3194 Marcus
415 3148 548 3195 venator
571 3131 656 3194 filius
681 3132 815 3194 Fabiani
841 3131 992 3215 Pawsycb
1019 3131 1094 3192 dicti
1112 3131 1152 3193 de
1170 3130 1340 3214 Hurthyna
1365 3133 1526 3194 venatoris

264 3239 400 3302 condam
426 3241 551 3301 domini
576 3239 673 3301 Vlrici
700 3239 826 3301 comitis
851 3238 934 3301 Cilic
960 3251 1030 3315 etc,
1062 3236 1196 3298 eandem
1223 3237 1254 3298 in
1280 3251 1412 3298 matrem
1435 3258 1525 3300 suam

264 3346 463 3429 spiritualem
495 3360 526 3406 et
557 3345 742 3428 adoptivam
777 3357 987 3426 acceptasset,
1021 3344 1153 3424 ipsaque
1186 3342 1317 3403 domina
1349 3343 1524 3428 Elyzabeth

265 3453 404 3514 eundem
429 3451 577 3512 similiter
602 3451 745 3512 Marcum
771 3451 803 3511 in
824 3469 918 3511 suum
937 3448 1039 3510 filium
1064 3447 1254 3528 adoptivum
1272 3461 1382 3510 mutua
1406 3449 1525 3510 vicissi-

264 3559 377 3620 tudine
395 3571 599 3640 acceptasset,
613 3557 751 3638 ideoque
769 3557 881 3619 eadem
901 3557 1033 3618 domina
1051 3554 1227 3637 Elyzabeth
1241 3555 1372 3617 totalem
1391 3555 1524 3616 domum

264 3684 355 3726 suam
381 3665 411 3726 in
437 3664 521 3726 dicta
544 3665 670 3726 civitate
696 3679 726 3724 et
750 3665 831 3724 inter
859 3663 985 3740 domos,
1010 3659 1128 3721 fundos
1144 3679 1179 3721 sc
1205 3659 1351 3722 hedificia
1375 3662 1434 3722 viri
1451 3682 1524 3744 pro·

263 3771 329 3832 vidi
355 3785 386 3833 et
418 3771 543 3832 honesti
576 3771 659 3832 Petri
693 3770 822 3854 Dragyn
855 3769 942 3846 dicti,
975 3769 1014 3828 ab
1047 3786 1110 3828 una
1143 3766 1292 3828 videlicet
1314 3768 1353 3828 ab
1378 3768 1524 3830 orientali

264 3891 365 3960 parte,
389 3897 424 3939 ac
448 3878 530 3939 inter
556 3877 688 3938 domum
715 3891 746 3938 et
771 3875 907 3936 fundum
932 3873 1059 3936 Martini
1085 3873 1257 3955 arcuparis,
1282 3874 1322 3934 ab
1346 3875 1524 3956 occidente,

262 3997 292 4046 et
316 3984 399 4045 inter
422 3985 501 4045 duas
524 3985 592 4045 vias
609 4003 798 4045 communes
815 4003 870 4043 scu
888 3981 1009 4064 plateas
1026 3999 1122 4042 unam
1141 4001 1158 4040 a
1176 3979 1356 4042 meridione
1380 3995 1411 4042 et
1428 3982 1524 4043 aliam

261 4093 301 4153 ab
325 4090 492 4152 occidente
515 4089 639 4152 habitas
663 4091 766 4167 sitam,
784 4089 925 4150 habitam
951 4103 981 4150 et
999 4089 1197 4164 existentem,
1214 4100 1277 4147 tres
1293 4101 1422 4168 quartas
1438 4087 1525 4148 curie

264 4197 296 4258 in
321 4219 354 4259 se
378 4197 410 4259 in
435 4211 504 4259 toto
521 4197 752 4274 continentem,
771 4196 870 4278 ipsam
897 4208 968 4276 post
984 4193 1165 4276 predictum
1190 4191 1295 4253 virum
1319 4211 1413 4252 suurn
1439 4207 1469 4253 et
1485 4193 1525 4252 ab

263 4305 378 4366 eodem
403 4303 578 4365 literatorie
604 4317 862 4379 concernentem,
896 4314 992 4382 prout
1016 4299 1076 4362 hoc
1101 4301 1132 4360 in
1158 4298 1320 4381 prioribus
1343 4298 1443 4360 literis
1467 4317 1525 4380 pro

259 4425 349 4492 parte
375 4410 423 4471 sui
448 4409 621 4492 superinde
654 4407 808 4469 confectis
840 4407 923 4469 clare
955 4406 1096 4467 vidimus
1131 4405 1300 4482 contineri,
1331 4405 1427 4466 simul
1451 4423 1523 4465 cum
1603 4395 1605 4400 ⁸

260 4517 412 4579 omnibus
436 4516 580 4577 eiusdem
605 4515 713 4577 totalis
745 4517 862 4575 domus
890 4528 921 4575 et
954 4510 1177 4574 hedificiotum
1210 4531 1246 4572 ac
1271 4511 1378 4573 celarii
1403 4511 1524 4572 subter·

260 4624 347 4684 ranei
372 4623 469 4683 trium
494 4635 680 4704 quartarum
707 4621 897 4683 utilitatibus
931 4619 1036 4680 eidem
1063 4618 1171 4679 Marco
1204 4616 1349 4678 venatori
1374 4614 1524 4677 filiosuo

259 4730 413 4812 adoptivo
439 4743 470 4790 et
493 4730 558 4790 suis
591 4728 763 4790 heredibus
798 4726 938 4789 dedisset
969 4741 1000 4787 et
1036 4725 1237 4808 propinasset
1267 4723 1336 4806 jure
1369 4737 1524 4804 perpetuo

261 4835 500 4920 possidendam,
524 4837 567 4897 ita
599 4849 717 4914 tamen,
751 4834 839 4916 quod
872 4832 1013 4915 prefatus
1042 4833 1167 4894 Marcus
1198 4831 1333 4892 eandem
1358 4829 1523 4890 dominam

262 4942 438 5026 Elyzabeth
463 4943 527 5004 vita
551 4942 610 5002 sibi
636 4943 752 5004 comite
777 4955 807 5002 et
831 4941 880 5000 sui
904 4939 1036 5000 heredes
1061 4939 1092 4999 in
1117 4937 1229 4999 eadem
1255 4937 1353 4998 domo
1379 4937 1409 4997 in
1437 4937 1523 4997 victu

262 5064 292 5111 et
315 5051 435 5112 amictu
461 5051 550 5111 bono
575 5049 675 5110 modo
700 5067 900 5124 conservare,
925 5044 1032 5106 lovere
1057 5059 1088 5106 et
1112 5045 1231 5106 nutrire
1255 5045 1460 5120 tenebuntur,
1485 5043 1524 5104 ad
