3816 5802
396 562 435 622 62
947 564 1033 621 Anno
1056 559 1150 640 1446.

394 774 557 857 quandam
585 775 719 837 domum
746 775 886 856 ligneam
907 775 1003 836 simul
1025 795 1098 836 cum
1124 773 1225 836 fundo
1250 789 1281 838 et
1297 775 1416 836 celario
1440 777 1659 854 subterraneo,

394 901 542 942 necnon
568 880 727 942 hedificiis
751 895 782 942 et
806 881 877 942 aliis
909 883 1032 943 cunctis
1064 882 1130 942 suis
1162 883 1272 942 usibus
1296 895 1327 942 et
1360 881 1565 963 pertinenciis
1588 882 1657 944 uni·

395 988 492 1049 versis
517 988 549 1048 in
575 988 700 1050 civitate
727 987 869 1070 predicta
894 988 977 1050 inter
1001 987 1117 1050 domos
1133 1001 1165 1050 et
1181 986 1300 1049 fundos
1325 987 1453 1049 Thome
1479 986 1657 1071 freniparis‚

394 1094 500 1174 jurati,
525 1108 556 1156 et
580 1095 723 1156 Ladislai
741 1095 881 1157 cantoris
903 1095 1008 1173 sitam,
1032 1095 1173 1156 mediam
1191 1095 1313 1156 curiam
1338 1109 1368 1156 et
1393 1115 1489 1156 unam
1514 1109 1660 1157 octavam

396 1201 428 1262 in
453 1220 485 1262 se
510 1201 740 1282 continentem,
766 1220 829 1282 que
854 1201 990 1263 condam
1016 1201 1107 1262 Pauli
1126 1215 1157 1264 et
1182 1199 1331 1283 Gregorii
1356 1221 1391 1262 ac
1417 1201 1577 1262 Fraucisci
1600 1199 1660 1262 fili·

395 1327 486 1368 orum
514 1307 652 1369 condam
678 1307 778 1369 Eleae
803 1307 947 1369 mulieris
971 1307 1082 1370 relicte
1103 1308 1242 1388 primum
1268 1306 1423 1368 Johannis
1448 1307 1601 1370 institoris
1628 1322 1660 1370 et

394 1412 524 1474 tandem
550 1412 631 1495 Elye
664 1412 794 1474 sartoris
826 1411 987 1494 prefuerat
1019 1427 1049 1474 et
1080 1432 1138 1495 pro
1170 1413 1287 1474 debitis
1320 1412 1463 1494 ipsorum
1496 1413 1555 1494 ipsi
1580 1413 1661 1494 Elye

395 1519 498 1580 Judeo
522 1518 656 1600 juridice
680 1533 711 1581 et
734 1519 907 1581 literatorie
932 1517 992 1580 luit
1016 1533 1131 1580 statuta
1157 1519 1341 1581 vendicioni
1359 1517 1562 1601 exponenda,
1587 1537 1658 1600 pre-

396 1623 461 1686 fato
486 1625 636 1686 Ladislao
661 1625 801 1687 cantoris
825 1625 972 1687 vendidit
995 1639 1152 1708 perpetuo
1169 1623 1398 1708 possidendam
1423 1643 1482 1706 pro
1508 1625 1584 1706 ipsis
1607 1625 1660 1685 de·

396 1729 469 1792 bitis
492 1731 558 1792 suis
583 1730 734 1793 videlicet
759 1751 819 1814 pro
843 1731 983 1793 sedecim
1005 1731 1075 1794 flor.
1103 1731 1183 1808 auri,
1208 1750 1305 1814 quam
1322 1731 1454 1794 tandem
1479 1730 1613 1792 domum
1631 1744 1662 1792 et

396 1834 532 1898 fundum
557 1857 593 1898 ac
617 1837 770 1899 celarium
795 1852 826 1900 et
849 1836 996 1899 hedificia
1022 1838 1128 1900 medie
1157 1838 1245 1899 curie
1269 1851 1300 1899 et
1325 1838 1419 1898 unius
1445 1851 1556 1899 octava
1574 1837 1659 1899 idem

397 1943 564 2004 Ladislaus
588 1945 727 2007 cantoris
750 1943 900 2006 Michaeli
925 1941 1067 2026 pellifici‚
1099 1943 1202 2026 jurato
1227 1943 1397 2022 modern0‚
1420 1963 1479 2026 pro
1503 1958 1587 2006 certa
1604 1965 1658 2027 pe·

397 2049 565 2111 cuniarum
590 2051 768 2131 quantitate
799 2051 945 2112 vendidit
977 2065 1133 2132 perpetuo
1165 2049 1394 2132 possidendam
1427 2063 1458 2112 et
1488 2051 1660 2132 superinde

399 2169 445 2216 est
468 2155 559 2218 litera
590 2157 648 2217 sub
672 2156 824 2238 pendenti
850 2157 956 2236 sigillo
981 2157 1222 2218 communitatis
1247 2170 1404 2219 emanata.

501 2262 579 2325 Item
596 2262 730 2344 provida
748 2263 863 2324 mulier
882 2263 982 2324 Elena
1000 2277 1110 2324 vocata
1141 2262 1206 2324 lilia
1224 2263 1362 2326 condam
1380 2263 1506 2325 Nicolai
1535 2264 1661 2348 Loczlty

397 2368 506 2430 relicta
531 2369 665 2431 Fabiani
691 2367 858 2452 Gerlycza,
883 2368 1090 2431 medietatem
1115 2369 1280 2431 cuiusdam
1307 2370 1424 2431 domus
1447 2389 1503 2431 sue
1522 2385 1552 2431 et
1569 2369 1661 2431 fundi

396 2494 431 2536 ac
456 2473 682 2537 hedificiorum
708 2476 789 2536 inter
818 2475 933 2536 domos
958 2473 1106 2555 Gregorii
1140 2475 1305 2558 Agychich
1330 2489 1361 2536 et
1393 2476 1540 2538 semitam
1574 2495 1661 2538 com·

396 2600 529 2642 munem
557 2581 675 2660 habite,
700 2601 796 2644 unam
823 2595 969 2663 quartam
994 2581 1025 2642 in
1050 2603 1082 2642 se
1112 2583 1341 2660 continentem,
1375 2582 1475 2644 Elene
1501 2583 1662 2664 penestice

397 2687 541 2749 vendidit
565 2702 721 2770 perpetuo
746 2687 975 2769 possidendam
1001 2702 1031 2748 et
1047 2688 1220 2770 superinde
1245 2703 1291 2750 eat
1308 2688 1398 2750 litera
1423 2690 1483 2750 sub
1508 2688 1661 2771 pendenti

396 2793 503 2875 sigillo
529 2795 768 2856 communitatis
792 2807 950 2856 emanata.

450 3013 530 3085 ltem
560 3015 645 3085 seria
674 3023 772 3086 serta
805 3017 960 3104 proxima
999 3023 1074 3104 post
1103 3015 1225 3086 festum
1254 3015 1488 3087 Conversiouis
1516 3017 1606 3086 beati

889 3139 985 3212 Pauli
1015 3140 1171 3229 apostoli.

904 3289 970 3370 (28.
987 3293 1154 3370 januarii).

504 3431 580 3494 Item
607 3431 769 3494 Johannes
786 3432 881 3514 judex
898 3431 984 3494 filius
1001 3433 1081 3495 Pero
1104 3433 1209 3515 jurati,
1228 3433 1390 3514 quandam
1416 3432 1550 3494 domum
1568 3450 1658 3492 suam

398 3553 557 3600 muratam
584 3553 615 3601 et
637 3537 774 3601 fundum
799 3559 836 3600 ac
868 3537 1016 3601 hedificia
1041 3540 1073 3600 in
1105 3540 1189 3601 dicta
1221 3539 1347 3602 civitate
1381 3539 1461 3601 inter
1487 3537 1604 3600 fundos
1628 3551 1660 3599 et

397 3645 512 3706 domos
536 3645 678 3706 virorum
696 3645 905 3727 providorum
924 3644 1079 3727 Stephani
1097 3646 1236 3726 agricole
1254 3660 1285 3708 et
1309 3647 1484 3707 liberorum
1503 3643 1656 3726 Stephani

397 3751 533 3832 lapicide
557 3751 711 3827 habitam,
736 3765 798 3812 tres
823 3752 855 3812 in
872 3765 939 3812 toto
965 3766 1094 3832 quartas
1110 3752 1195 3812 curie
1221 3753 1310 3814 inse
1335 3752 1566 3829 continentem,
1585 3769 1657 3812 cum

396 3857 460 3918 suis
485 3857 690 3938 pertinenciis
715 3856 857 3938 Georgio
886 3858 997 3918 sartori
1023 3857 1115 3919 aliter
1132 3859 1222 3920 Jurse
1248 3872 1361 3922 vocato
1385 3857 1453 3920 filio
1479 3857 1598 3920 Mathei
1616 3856 1655 3917 de

396 3965 455 4023 sub
480 3977 582 4024 castro
608 3963 758 4046 Kerchky
780 3963 859 4044 grad
883 3978 1008 4043 vocato,
1042 3982 1128 4026 novo
1156 3965 1282 4026 concivi
1315 3979 1435 4043 nostro,
1459 3983 1518 4046 pro
1544 3961 1658 4044 viginti

397 4081 428 4129 et
451 4087 516 4129 uno
534 4067 603 4130 flor.
630 4069 698 4130 auri
717 4070 862 4130 vendidit
886 4084 1041 4152 perpetuo
1059 4071 1287 4152 possidendam
1310 4085 1340 4132 et
1364 4071 1536 4153 superinde
1553 4069 1657 4131 eidem

398 4173 540 4256 Georgio
558 4176 670 4238 sartori
688 4191 735 4237 est
750 4176 839 4237 litera
857 4179 916 4237 sub
934 4177 1086 4258 pendenti
1111 4177 1218 4256 sigillo
1243 4177 1484 4239 communitatis
1501 4189 1658 4238 emanata.

503 4281 579 4342 ltem
606 4282 710 4342 eidem
736 4282 825 4344 lurae
850 4283 961 4345 sartori
980 4303 1036 4344 seu
1062 4282 1215 4365 Georgio‚
1234 4283 1382 4345 Vrbanus
1407 4283 1549 4345 literatus
1572 4280 1657 4344 filius

397 4387 526 4449 Thorne
551 4389 740 4470 carpentarii
777 4389 939 4469 quendam
972 4389 1125 4468 (h)ortum
1159 4409 1253 4452 suurn
1287 4390 1318 4450 in
1343 4389 1499 4450 suburbio
1524 4387 1658 4449 civitatis

398 4495 478 4556 inter
503 4493 638 4576 (h)ortos
663 4494 773 4555 Fricze
798 4495 901 4574 jurati,
926 4497 965 4556 ab
996 4496 1172 4575 occidente,
1205 4509 1236 4556 et
1260 4495 1417 4556 lobannis
1440 4491 1595 4556 carnificis
1618 4493 1658 4552 ab

399 4601 521 4662 oriente
546 4599 702 4678 habitum,
728 4619 799 4661 curn
824 4601 889 4660 suis
921 4602 1127 4682 pertinenciis
1158 4619 1217 4682 pro
1242 4600 1386 4682 quinque
1420 4599 1489 4661 flor.
1514 4597 1659 4660 vendidit

397 4721 551 4789 perpetuo
588 4705 819 4788 possidendum
845 4720 875 4767 et
908 4707 1079 4788 superinde
1113 4707 1214 4768 eciam
1246 4707 1351 4768 eidem
1378 4705 1521 4787 Georgio
1546 4705 1657 4766 sartori

397 4827 443 4875 est
467 4796 558 4874 litera
583 4813 641 4874 sub
666 4813 818 4894 pendenti
844 4814 950 4893 sigillo
976 4814 1216 4874 communitatis
1245 4827 1402 4876 emanata.

503 4920 579 4982 ltem
607 4919 769 5001 Georgius
794 4919 901 5001 Oxlyn
935 4920 965 4980 in
992 4939 1127 5002 persona
1160 4919 1291 4982 domine
1319 4920 1479 4981 Dorothee
1504 4917 1660 4980 consortis

397 5046 453 5089 sue
477 5040 642 5108 tamquam
666 5039 852 5109 procurator
877 5046 952 5088 suus
968 5027 1153 5110 legittimus,
1179 5027 1384 5089 medietatem
1402 5025 1545 5086 cuisdam
1563 5023 1656 5085 vinee
