3832 5804
925 498 1011 556 Anno
1034 496 1126 574 1456.

393 712 473 794 Elye
498 711 603 790 iudei,
626 711 789 792 quandam
816 711 941 772 vineam
959 729 1022 792 que
1040 709 1177 771 condam
1196 708 1314 772 Cosme
1332 709 1467 790 aucupis
1491 723 1521 771 et
1539 709 1654 770 Valen-

391 816 447 880 tini
474 817 698 900 Klathsewych
731 813 909 898 prefuerat,
942 815 1035 879 Petro
1060 829 1176 898 pyntar
1211 835 1269 897 pro
1300 815 1443 877 serviciis
1473 816 1557 895 suis,
1592 835 1656 897 que

391 924 458 1006 ipse
483 923 514 984 in
540 921 725 986 firmatione
743 941 892 984 vasorum
910 936 941 984 et
958 921 1113 984 cadorum
1138 921 1262 983 domini
1279 921 1378 983 Vlrici
1404 921 1531 984 comitis
1548 923 1654 984 eidem

391 1031 526 1092 domino
550 1030 659 1092 Vlrico
685 1029 843 1112 inpendit,
868 1030 1027 1092 dederunt
1052 1040 1208 1112 perpetuo
1236 1027 1465 1110 possidendam
1490 1042 1521 1089 et
1543 1047 1655 1110 super-

392 1137 467 1198 inde
491 1136 551 1198 sibi
576 1149 623 1198 est
647 1135 736 1197 litera
757 1137 817 1198 sub
841 1135 991 1218 pendenti
1018 1135 1126 1216 sigillo
1143 1135 1385 1196 communitatis
1409 1148 1565 1197 emanata.

496 1243 573 1304 ltetn
599 1241 759 1323 Georgius
781 1241 922 1324 agricola
953 1239 1038 1302 iilius
1059 1241 1171 1324 Kyrini
1196 1240 1236 1301 de
1263 1240 1464 1319 Desczewcz‚
1489 1240 1655 1322 quandam

390 1349 523 1412 domurn
549 1369 638 1412 suam
664 1363 822 1410 muratam
847 1349 944 1410 simul
970 1367 1042 1410 cum
1061 1346 1163 1409 iundo
1188 1363 1218 1408 et
1236 1347 1393 1409 hedificiis
1420 1347 1451 1409 in
1476 1347 1560 1409 dicta
1578 1347 1655 1409 civi·

390 1471 453 1518 tate
480 1457 560 1517 inter
584 1456 700 1517 domos
731 1470 762 1518 et
786 1453 904 1517 iundoa
935 1453 1074 1516 filiarum
1107 1455 1243 1516 condam
1281 1453 1406 1516 Nicolai
1438 1453 1594 1515 tubatoris
1625 1467 1656 1514 et

392 1563 543 1646 Symonis
566 1563 696 1624 sartoris
728 1581 763 1624 sc
796 1561 926 1623 Thorne
963 1560 1002 1622 de
1036 1561 1195 1644 Damerya
1219 1560 1374 1638 habitam,
1407 1560 1555 1622 Emetico
1589 1558 1656 1621 filio

391 1670 475 1733 Petri
500 1669 651 1752 Barsych,
677 1683 711 1730 ut
736 1688 821 1730 novo
846 1668 971 1730 concivi
1002 1683 1123 1746 nostro,
1155 1687 1190 1728 ac
1215 1686 1368 1750 pereum
1393 1667 1459 1728 suis
1484 1666 1657 1728 heredibus

390 1795 449 1859 pro
474 1777 618 1858 quinque
643 1775 711 1840 flor.
737 1775 805 1838 auti
831 1774 977 1836 vendidit
995 1787 1150 1856 perpetuo
1175 1774 1404 1856 possidendam
1429 1787 1460 1836 et
1484 1773 1657 1855 superinde

393 1896 439 1946 est
462 1883 523 1944 sibi
548 1883 639 1946 litera
657 1884 723 1944 'sub
747 1881 902 1966 pendenti
926 1881 1034 1963 sigillo
1060 1881 1301 1942 communitatis
1326 1891 1483 1942 emanata.

395 2102 476 2174 ltern
505 2102 647 2174 sabbato
681 2104 835 2191 proximo
873 2111 951 2172 ante
979 2101 1102 2172 festum
1132 2099 1384 2172 Porifieacionis
1411 2101 1509 2172 beate
1528 2120 1659 2190 semper

882 2223 1022 2313 virginis
1050 2226 1166 2296 ilaris.

901 2391 963 2455 (31.
980 2379 1145 2455 januarii).

498 2519 575 2582 Item
601 2519 728 2580 Marcus
752 2518 837 2580 filius
861 2519 999 2581 condam
1025 2519 1181 2581 Johannis
1205 2519 1244 2580 de
1263 2518 1394 2596 Chawa,
1419 2518 1575 2600 quasdam
1594 2532 1657 2579 tres

392 2627 550 2689 sessiones
573 2645 646 2686 suas
669 2626 892 2708 jobagionales
925 2626 957 2687 in
991 2627 1152 2689 territorio
1186 2640 1295 2688 nostro
1320 2626 1351 2686 in
1385 2626 1460 2686 villa
1494 2625 1656 2710 Pobresya

393 2752 492 2816 prope
518 2733 647 2794 Zawsm
673 2733 755 2794 inter
778 2733 936 2794 sessiones
959 2733 1107 2796 similiter
1138 2733 1360 2814 jobagionales
1384 2732 1516 2794 domine
1541 2732 1657 2794 Vrsule

394 2838 501 2900 uxoris
524 2838 680 2919 legittime
706 2837 797 2899 Pauli
822 2836 975 2900 aurifabri
1002 2853 1033 2900 et
1049 2839 1213 2902 Valentini
1238 2837 1373 2901 senioris
1389 2837 1503 2918 judicia
1527 2853 1559 2900 et
1583 2858 1659 2899 con·

394 2945 471 3005 civis
488 2945 586 3006 nostri
605 2943 661 3005 filii
677 2943 843 3006 Michaelis
859 2945 975 3026 judicis
989 2945 1064 3006 dicti
1084 2945 1247 3030 Saronych
1257 2946 1342 3023 sitas,
1360 2944 1456 3006 simul
1479 2963 1551 3006 cum
1570 2945 1660 3006 terris

395 3049 570 3112 arabilibus
595 3049 757 3132 Delnycze
791 3065 822 3110 et
847 3050 1074 3134 Srebynnycze
1108 3053 1229 3113 vocatis
1254 3071 1289 3113 ac
1321 3050 1474 3113 fenilibus
1498 3065 1530 3112 et
1563 3049 1660 3132 pratis

395 3176 431 3218 ac
454 3156 580 3237 pascuis
605 3169 635 3217 et
659 3157 730 3217 aliis
754 3157 878 3217 cunctis
902 3158 968 3219 suis
991 3158 1184 3220 utilitatibus
1218 3171 1249 3220 et
1272 3158 1478 3240 pertinenciis
1501 3156 1660 3218 universis

395 3261 518 3345 prefato
544 3261 716 3324 Valentino
741 3263 860 3325 seniori
885 3264 982 3344 judici
1008 3279 1039 3326 et
1064 3265 1187 3326 concivi
1206 3279 1315 3326 nostro
1352 3284 1387 3326 ac
1412 3283 1468 3346 per
1492 3282 1567 3325 eum
1592 3263 1658 3324 suis

396 3369 569 3430 heredibus
592 3388 651 3451 pro
675 3369 814 3431 sedecim
840 3370 909 3431 flor.
935 3372 1002 3432 auri
1033 3371 1179 3433 vendidit
1209 3387 1367 3454 perpetuo
1393 3371 1604 3454 possidendas
1630 3385 1660 3433 et

396 3476 568 3558 superinde
593 3490 639 3538 est
663 3477 723 3538 sibi
740 3477 832 3538 litera
858 3480 917 3540 sub
935 3479 1086 3561 pendenti
1108 3479 1215 3558 sigillo
1233 3479 1474 3541 communitatis
1498 3465 1658 3541 emanata.

501 3581 578 3643 Item
605 3583 706 3644 Elena
730 3584 839 3644 relicta
863 3584 1001 3645 condam
1029 3584 1181 3667 Symonis
1204 3586 1320 3647 sutoris
1345 3585 1376 3646 in
1404 3605 1459 3646 sua
1484 3599 1516 3646 et
1540 3585 1659 3646 Kathe-

395 3689 463 3750 rinc
488 3708 523 3748 ac
549 3688 711 3751 Dorothee
734 3689 873 3752 filiarum
898 3711 1026 3752 suarum
1061 3712 1098 3752 ex
1124 3692 1194 3773 ipso
1219 3691 1357 3754 condam
1383 3692 1526 3776 Symone
1551 3705 1659 3754 sutore

394 3795 635 3877 progenitarum
660 3798 815 3878 personis,
840 3798 1013 3878 quemdam
1032 3797 1188 3879 (hiortum
1206 3797 1320 3880 prelati
1345 3799 1482 3860 condam
1508 3799 1660 3881 Symonis

394 3901 520 3980 sutoris,
546 3916 631 3963 extra
656 3904 781 3964 Novam
817 3917 941 3985 portam
972 3906 1002 3965 in
1036 3905 1198 3967 territorio
1230 3905 1367 3966 civitatis
1399 3906 1480 3966 inter
1503 3904 1658 3988 (hiortum

395 4007 560 4068 Benedicti
584 4010 711 4088 sutoris,
736 4031 753 4070 a
778 4011 969 4090 meridione,
994 4033 1031 4072 ac
1055 4013 1137 4072 inter
1154 4011 1307 4094 (hiortum
1334 4013 1477 4092 magistri
1502 4013 1659 4074 Johannis

394 4113 474 4176 fabri
497 4127 528 4176 et
553 4115 694 4194 magistri
713 4116 924 4197 orlogiorum,
941 4139 957 4178 a
975 4118 1204 4200 septemtrione
1221 4119 1378 4197 habitum,
1397 4138 1493 4180 unam
1511 4134 1657 4201 quartam

395 4219 480 4280 curie
506 4219 536 4279 in
562 4239 595 4280 se
619 4221 852 4300 continentem,
878 4223 1029 4304 magistro
1047 4223 1183 4284 Nicolao
1208 4223 1336 4286 medico
1354 4223 1420 4286 filio
1446 4223 1602 4286 Matheoli
1619 4224 1658 4285 de

394 4327 545 4407 Fulginia
570 4347 628 4409 pro
661 4329 806 4409 quinque
839 4329 908 4390 flor.
941 4331 1009 4391 auri
1039 4351 1076 4391 ex
1109 4349 1266 4392 consensu
1299 4331 1481 4392 vicinorum
1512 4331 1660 4392 vendidit

394 4445 551 4514 perpetuo
576 4433 808 4514 possidendum
834 4448 864 4495 et
889 4437 1061 4517 superinde
1087 4451 1132 4498 est
1156 4437 1217 4498 sibi
1242 4437 1333 4500 litera
1357 4437 1416 4497 sub
1442 4435 1596 4518 pendenti
1617 4437 1658 4498 si·

393 4538 472 4619 gillo
497 4540 737 4601 communitatis
762 4555 917 4603 emanata.

500 4645 577 4708 Item
604 4647 767 4708 lohannes
790 4667 963 4729 germanus
982 4649 1106 4710 domini
1126 4649 1259 4711 Seboldi
1279 4650 1389 4734 Mayar
1406 4649 1563 4732 capitanei
1583 4649 1659 4711 civi·

393 4752 465 4814 tatis
489 4752 642 4833 predicte,
668 4755 842 4834 quemdam
869 4754 1022 4836 (hiortum
1047 4776 1141 4818 suum
1158 4757 1305 4818 similiter
1323 4769 1409 4818 extra
1434 4757 1560 4818 Novam
1585 4776 1658 4838 por-

393 4873 455 4920 tam
484 4859 514 4919 in
540 4860 701 4920 territorio
726 4861 862 4922 civitatis
891 4863 972 4922 inter
1004 4861 1160 4944 (hiortum
1194 4862 1327 4944 Georgii
1359 4864 1475 4924 sutoris
1499 4863 1576 4925 dicti
1601 4864 1658 4924 Ze-

393 4963 526 5045 kyrych‚
558 4984 575 5025 a
607 4965 788 5026 meridione
821 4980 851 5028 et
883 4967 965 5028 inter
996 4966 1150 5048 (h)ortutn
1184 4968 1359 5030 liberorum
1391 4967 1530 5030 condam
1563 4967 1658 5051 Gyan
