3832 5804
780 567 868 625 Anno
889 577 980 645 1455.
1132 634 1138 644 Ι
1453 586 1512 648 159

247 780 393 862 pellificis
416 780 534 860 habita,
557 802 612 865 per
639 781 876 843 commissarios
905 781 1005 862 ipsius
1034 781 1159 842 Nicolai
1178 781 1344 862 Supanecz
1369 795 1416 844 est
1434 803 1509 843 ven·

250 886 315 948 dita
341 888 427 950 Luce
452 889 556 970 jurato
581 902 734 972 perpetuo
766 887 959 969 possidenda
992 901 1023 948 et
1049 887 1221 970 superinde
1254 903 1300 950 est
1324 889 1383 949 sibi
1418 889 1510 950 litera

247 994 305 1054 sub
330 994 483 1075 pendenti
507 994 614 1076 sigillo
640 994 879 1057 communitatis
903 1007 1059 1058 emanata.

355 1102 433 1164 Item
459 1102 619 1184 Georgius
644 1103 744 1166 cliens
759 1102 846 1165 lilius
869 1103 1007 1165 condam
1026 1102 1175 1185 Gregorii
1200 1102 1276 1164 dicti
1302 1100 1454 1185 Pawsych
1472 1102 1512 1163 de

249 1209 405 1294 Boros'yn,
428 1229 526 1291 gener
550 1210 687 1272 condam
723 1210 807 1272 Petri
831 1210 1043 1292 Zudrowych‚
1076 1210 1238 1292 quandam
1264 1209 1397 1270 domum
1421 1229 1511 1271 suam

247 1330 404 1378 muratam
430 1330 461 1379 et
492 1315 629 1379 fundum
654 1318 686 1380 in
718 1317 882 1380 vicinitate
914 1317 1031 1378 domus
1062 1331 1186 1379 murate
1218 1331 1249 1378 et
1280 1314 1372 1378 fundi
1396 1314 1511 1398 prefati

247 1421 372 1485 domini
395 1423 558 1486 Valentini
586 1425 700 1506 judicis
733 1423 888 1503 habitam,
919 1437 982 1487 tres
1014 1439 1141 1506 quartas
1174 1423 1259 1485 curie
1285 1424 1317 1484 in
1342 1443 1375 1484 se
1408 1423 1510 1484 conti·

247 1541 388 1608 nentem,
411 1527 535 1612 prefato
559 1530 731 1593 Valentino
755 1530 853 1612 judici
878 1531 933 1592 uni
963 1531 1068 1592 vicino
1093 1550 1151 1592 suo
1177 1549 1214 1592 ex
1239 1549 1396 1592 consensu
1423 1529 1508 1591 Lau-

246 1636 345 1697 rencii
370 1635 524 1698 institoris
548 1637 678 1699 alterius
713 1637 810 1698 vicini
844 1637 894 1699 sui
919 1636 1065 1698 vendidit
1098 1651 1254 1720 perpetuo
1279 1636 1507 1718 possidendam

247 1755 277 1803 et
301 1743 474 1826 superinde
492 1756 538 1805 est
554 1743 646 1806 litera
659 1744 718 1806 sibi
732 1746 792 1806 sub
806 1743 958 1826 pendenti
973 1743 1081 1824 sigillo
1095 1743 1335 1806 communitatis
1349 1757 1506 1805 emanata.

353 1849 431 1910 ltem
457 1849 570 1912 Vraula
593 1848 659 1912 filia
684 1850 820 1913 condam
847 1849 943 1912 Blasii
966 1848 1171 1934 Slycharych,
1201 1849 1363 1932 quandam
1390 1865 1508 1911 terram

246 1975 337 2019 suam
362 1957 516 2019 arabilem
541 1977 614 2020 cum
647 1955 736 2019 ienili
768 1959 828 2019 sibi
863 1957 1025 2038 adjuncto,
1057 1958 1089 2020 in
1123 1977 1236 2041 campo
1266 1957 1402 2020 civitatis
1428 1957 1510 2018 inter

247 2077 345 2125 terras
369 2063 531 2125 Valentini
549 2063 664 2146 judicis
689 2065 789 2127 nostri
807 2065 943 2148 predicti
961 2079 991 2127 et
1009 2064 1164 2126 iohannis
1180 2065 1334 2126 institoris
1358 2064 1510 2142 habitam,

247 2169 326 2231 duas
349 2189 423 2232 cum
447 2171 554 2232 media
578 2171 679 2234 dietas
703 2172 735 2232 in
759 2191 791 2232 se
825 2173 1055 2251 continentem,
1086 2171 1230 2254 predicto
1262 2172 1435 2234 Valentino
1460 2171 1507 2242 iu·

248 2277 310 2339 dici
335 2297 393 2361 pro
417 2292 539 2360 septem
565 2277 634 2340 flor.
659 2279 805 2340 vendidit
828 2293 985 2361 perpetuo
1016 2278 1243 2360 possidendam
1277 2293 1308 2340 et
1331 2278 1504 2362 superinde

248 2399 294 2446 est
317 2385 409 2446 litera
433 2385 493 2446 sibi
518 2387 577 2447 sub
601 2386 754 2468 pendenti
779 2386 887 2467 sigillo
912 2386 1151 2448 communitatis
1175 2399 1333 2450 emanata.

352 2490 429 2552 Item
455 2491 639 2554 Demetrius
662 2491 802 2574 agricola
826 2491 911 2554 filius
936 2493 1050 2554 Briccii
1076 2493 1115 2553 de
1141 2492 1317 2570 Kralewcz,
1342 2491 1506 2574 quandam

248 2595 376 2658 vineam
400 2617 491 2659 suam
514 2598 650 2660 liberam
676 2599 707 2659 in
739 2598 900 2660 territorio
932 2614 1019 2660 extra
1050 2600 1176 2660 Novam
1208 2612 1333 2681 portam
1369 2597 1506 2658 civitatis

246 2701 328 2764 inter
351 2704 479 2766 vineam
504 2724 594 2766 suam
619 2704 716 2766 aliam
741 2705 998 2767 condicionalem
1020 2725 1076 2766 seu
1104 2707 1289 2767 censualem
1313 2725 1331 2767 a
1356 2703 1507 2766 meridio-

246 2809 310 2870 nali
334 2825 435 2892 parte‚
460 2825 491 2872 et
516 2812 599 2872 inter
622 2811 768 2874 similiter
788 2813 914 2874 vineam
942 2813 1076 2874 liberam
1101 2812 1258 2874 Anthonii
1287 2811 1345 2874 filii
1370 2811 1506 2873 condam

248 2914 379 2998 Georgii
403 2917 555 3000 lutifiguli
580 2917 733 2997 habitam,
759 2918 865 2982 eidem
889 2918 1055 2981 Anthonio
1085 2917 1246 3000 lutifigulo
1270 2917 1415 2980 vendidit
1439 2939 1508 3000 per-

247 3037 345 3104 petuo
369 3024 616 3106 possidendam3
642 3041 672 3086 et
696 3026 771 3107 quia
790 3026 901 3088 eadem
927 3025 1021 3086 vinea
1046 3024 1108 3086 alia
1133 3025 1164 3086 in
1183 3025 1344 3086 vicinitate
1369 3025 1509 3106 predicte

247 3131 459 3212 empcionalis
482 3132 575 3194 vinee
592 3132 710 3212 habita,
735 3133 794 3193 sibi
824 3132 974 3194 videlicet
990 3131 1156 3193 Anthonio
1173 3131 1334 3212 lutifigulo
1359 3145 1405 3192 est
1428 3131 1508 3192 divi-

244 3235 375 3296 sionalis
411 3250 441 3297 et
465 3237 526 3298 sibi
551 3238 644 3299 cessit
669 3238 700 3299 in
733 3238 920 3320 porcionem
953 3237 1188 3317 divisionalem‚
1221 3238 1295 3299 ideo
1324 3238 1391 3319 ipse
1416 3239 1508 3298 ambe

247 3339 339 3402 vinee
365 3341 471 3404 eidem
497 3343 662 3405 Anthonio
686 3359 760 3405 sunt
776 3345 835 3406 sub
853 3345 1004 3426 pendenti
1029 3344 1136 3425 sigillo
1154 3345 1394 3406 communitatis
1411 3344 1507 3426 privi-

217 3477 220 3484 »
248 3445 407 3528 legialiter
432 3448 627 3513 confirmate.
838 3524 841 3532 Ι

352 3553 429 3615 ltem
456 3554 557 3616 Elena
581 3557 690 3619 relicta
716 3557 853 3618 condam
879 3558 1006 3618 Andree
1038 3559 1154 3620 sutoris
1179 3557 1210 3618 in
1235 3577 1291 3618 sua
1316 3571 1347 3618 et
1371 3555 1504 3638 Georgii

245 3679 280 3721 ac
305 3660 458 3742 Stephani
482 3660 623 3725 filiorum
648 3683 683 3724 ac
708 3663 871 3726 Dorothee
896 3678 926 3725 et
947 3665 1080 3746 Agnetis
1104 3663 1242 3726 filiarum
1267 3683 1408 3742 suarum,
1431 3683 1503 3745 par·

221 3779 309 3850 utem
326 3768 519 3830 anteriorem
542 3769 682 3850 (domus)
700 3789 773 3832 cum
798 3772 890 3832 stuba
908 3784 938 3832 et
962 3771 1111 3852 coquina,
1129 3789 1225 3832 unam
1252 3784 1397 3850 quartam
1421 3770 1506 3831 curie

245 3871 276 3932 in
298 3893 330 3933 se
353 3874 582 3954 continentem¹
601 3875 759 3958 Gregorio
776 3875 937 3957 lutifigulo
963 3875 1029 3938 filio
1054 3877 1183 3958 Mathye
1202 3895 1260 3958 pro
1286 3877 1412 3937 duobus
1438 3875 1506 3939 flor.

245 3979 312 4040 auri
337 3993 368 4041 et
392 3980 517 4042 duabus
549 3983 655 4064 pensis
679 3983 884 4045 denariorum
911 3983 1054 4044 vendidit
1090 3996 1245 4065 perpetuo
1279 3981 1505 4064 possidendam

244 4099 275 4146 et
304 4087 476 4167 superinde
501 4103 546 4149 est
570 4089 660 4150 litera
685 4091 744 4150 sub
769 4090 922 4172 pendenti
946 4087 1051 4170 sigillo
1075 4088 1316 4150 communitatis
1348 4101 1506 4150 emanata.

352 4192 429 4254 ltem
455 4193 571 4256 domus
589 4196 725 4257 condam
743 4195 892 4277 Gregorii
912 4195 1127 4278 Wrecharych
1154 4195 1185 4255 in
1215 4195 1341 4256 civitate
1366 4193 1508 4276 predicta

248 4297 330 4360 inter
354 4299 487 4362 domum
514 4301 600 4363 Luce
625 4303 741 4364 sutoris
757 4301 851 4384 jurati
873 4303 971 4364 nostri
990 4303 1136 4363 moderni
1154 4316 1185 4364 et
1202 4301 1357 4363 lobannis
1373 4302 1504 4364 textoris

247 4425 389 4488 purpure
414 4422 444 4468 er
475 4409 574 4469 veluti
608 4408 736 4488 habita,
767 4409 908 4470 mediam
941 4409 1062 4470 curiana
1096 4409 1127 4469 in
1161 4429 1193 4469 se
1219 4409 1397 4486 continens,
1430 4427 1505 4470 curn

245 4512 397 4574 omnibus
420 4514 485 4575 snis
509 4514 700 4576 utilitatibus
725 4530 755 4576 et
778 4515 984 4597 pertinenciis
1009 4515 1165 4576 universis
1189 4512 1311 4596 prelato
1338 4515 1423 4575 Luce
1449 4533 1501 4574 su·

246 4619 307 4680 tori
332 4618 434 4700 jurato
471 4640 508 4680 ex
533 4639 571 4682 eo
596 4635 643 4682 est
667 4621 909 4702 privilegialiter
933 4622 991 4683 sub
1017 4621 1169 4704 pendenti
1194 4621 1301 4702 sigillo
1327 4621 1506 4681 communi·

243 4725 316 4788 tatis
341 4725 516 4788 literatorie
541 4725 727 4790 confirmata
751 4742 907 4809 perpetuo
925 4728 1130 4810 possidenda,
1155 4728 1230 4808 quia
1257 4747 1313 4787 nec
1339 4727 1411 4808 ipse
1431 4725 1510 4788 Gre-

245 4832 355 4913 gorius
379 4832 599 4918 Wrecharych
618 4836 657 4896 ad
682 4836 798 4896 trinam
818 4851 957 4897 nostram
977 4834 1136 4896 forensem
1156 4848 1186 4896 et
1203 4835 1364 4916 publicam
1385 4834 1509 4916 procla·

248 4938 428 5000 macionem
454 4939 486 5000 in
511 4941 657 5022 pluribus
681 4955 711 5003 et
735 4940 967 5004 sufficientibus
999 4941 1143 5002 terminis
1167 4940 1342 5020 judiciariis
1366 4940 1427 5000 sibi
1454 4959 1510 5022 per

252 5065 310 5106 nos
335 5046 500 5128 assignatis
524 5067 582 5130 pro
601 5048 750 5130 dampnis
774 5049 874 5132 ipsius
891 5048 976 5110 Luce
994 5049 1110 5110 sutoris
1127 5047 1231 5109 eidem
1258 5048 1343 5109 Luce
1368 5047 1509 5128 aliquam
