3840 5810
909 442 1109 518 Ann01443.

494 657 572 719 Item
599 655 747 740 Mathyas
779 654 864 716 filius
896 654 1033 716 condam
1067 654 1199 735 Georgii
1235 655 1366 737 pictoris
1397 655 1548 738 predialis
1578 676 1652 738 pro·

388 764 495 826 vincie
520 762 726 825 Chasmensis
751 762 790 824 de
817 761 1003 844 lloykovvcz
1038 781 1137 842 gener
1165 761 1223 822 viri
1248 760 1385 822 condam
1410 761 1537 843 providi
1560 762 1653 824 Pauli

388 870 553 948 institoris,
579 869 658 930 olim
684 868 825 929 concivis
849 868 961 946 nostri,
986 867 1018 928 in
1048 887 1104 929 sua
1129 881 1160 929 et
1191 867 1326 929 honeste
1351 868 1483 930 domine
1507 868 1572 930 lllra
1596 889 1653 931 vo·

388 993 456 1040 cate
489 976 554 1038 filie
587 976 686 1058 ipsius
710 975 801 1036 Pauli
826 974 982 1036 institoris
1014 975 1171 1036 consortis
1204 993 1281 1037 vero
1312 995 1369 1036 sue
1402 975 1557 1058 legittime
1582 997 1652 1059 per-

390 1084 487 1162 sonis,
513 1101 595 1144 onus
619 1097 650 1142 et
673 1099 845 1162 gravamen
873 1079 1016 1142 eiusdem
1042 1080 1198 1142 consortis
1222 1100 1278 1142 sue
1303 1081 1334 1142 in
1360 1101 1393 1142 se
1418 1081 1521 1163 ipsum
1539 1095 1652 1163 sponte

389 1190 594 1265 assumend0‚
619 1188 823 1249 medietatem
849 1187 1014 1248 cuiusdam
1040 1186 1157 1248 domus
1173 1207 1284 1249 eorum
1311 1201 1341 1250 et
1367 1186 1457 1249 fundi
1482 1208 1518 1250 ac
1542 1187 1653 1250 hedifi-

391 1299 514 1358 ciorum
541 1298 572 1357 in
597 1296 679 1357 dicta
704 1295 832 1356 civitate
857 1295 940 1355 inter
965 1294 1099 1355 domum
1117 1308 1147 1356 et
1172 1293 1308 1355 fundum
1326 1295 1501 1356 liberorum
1526 1295 1652 1377 providi

389 1405 448 1465 viri
475 1402 641 1465 Michaelis
655 1402 790 1478 clientis,
815 1421 832 1461 a
852 1400 1042 1478 meridione‚
1059 1413 1090 1460 et
1114 1420 1130 1460 a
1148 1401 1377 1480 septemtrione
1395 1419 1493 1483 penes
1516 1399 1653 1462 fundum

388 1531 425 1573 ac
458 1509 593 1570 domum
626 1521 782 1568 muratam
815 1519 923 1568 nostre
956 1507 1197 1568 communitatis
1228 1505 1346 1586 habite,
1375 1527 1473 1568 unam
1505 1506 1655 1568 videlicet

390 1617 536 1698 quartam
568 1628 599 1675 et
635 1613 840 1674 medietatem
875 1627 986 1694 quarte
1020 1613 1118 1694 partis
1150 1627 1260 1674 octave
1294 1613 1326 1674 in
1358 1633 1392 1674 se
1424 1614 1654 1692 continentem,

391 1722 533 1803 Georgio
559 1721 667 1782 clienti
692 1719 759 1781 lilio
784 1719 942 1780 Anthonii
977 1719 1105 1804 Dragyn
1140 1720 1297 1801 compatri
1330 1739 1388 1781 suo
1421 1733 1452 1781 et
1476 1720 1654 1781 Laurencio

391 1827 509 1890 carnali
534 1826 601 1888 filio
627 1825 772 1888 eiusdem
791 1825 936 1907 Georgii,
960 1824 1028 1887 lilio
1046 1845 1122 1886 vero
1141 1845 1199 1886 suo
1218 1825 1410 1907 baptismali,
1435 1825 1568 1887 donavit
1584 1846 1654 1908 per-

391 1949 487 2018 petuo
513 1934 740 2017 possidendam
766 1947 797 1995 et
821 1933 994 2015 superinde
1014 1947 1059 1994 est
1080 1933 1171 1994 litera
1189 1935 1248 1994 sub
1273 1933 1426 2014 pendenti
1444 1933 1550 2014 sigillo
1569 1953 1653 1994 com·

391 2043 557 2104 munitatis
582 2054 737 2105 emanata.

498 2149 575 2211 ltem
601 2149 761 2209 Francisci
786 2146 866 2208 labri
903 2145 986 2207 filius
1012 2146 1171 2226 Georgius
1195 2145 1295 2225 faber,
1320 2147 1524 2208 medietatem
1550 2148 1653 2208 cuius·

392 2258 465 2318 dam
491 2255 607 2317 domus
631 2274 687 2315 sue
711 2268 743 2315 et
768 2252 859 2315 fundi
883 2273 918 2314 ac
937 2251 1160 2314 hedificiorum
1186 2253 1218 2313 in
1236 2254 1307 2314 vico
1332 2253 1482 2316 exteriori
1506 2273 1563 2315 seu
1587 2255 1654 2336 pla-

392 2379 442 2425 tea
467 2360 719 2423 Theuthonicali
745 2361 826 2420 inter
851 2359 977 2438 domos,
1002 2357 1121 2420 fundos
1150 2379 1186 2420 ac
1218 2358 1365 2421 hedificia
1397 2361 1574 2422 liberorum
1599 2381 1655 2424 seu

392 2490 613 2533 successorum
638 2468 775 2530 condam
802 2467 930 2529 Thome
955 2467 1082 2546 sutoris,
1116 2469 1156 2528 ab
1181 2487 1243 2528 una
1268 2482 1369 2549 parte,
1392 2470 1432 2530 ab
1456 2469 1555 2530 altera
1579 2489 1654 2530 vero

393 2577 540 2638 similiter
558 2577 734 2637 liberorum
753 2573 890 2634 condam
910 2572 1089 2635 Clementis
1105 2575 1222 2635 sutoris
1239 2572 1296 2635 filii
1315 2575 1406 2636 Pauli
1423 2575 1541 2654 habite,
1559 2595 1655 2636 unam

393 2683 544 2745 videlicet
569 2696 715 2764 quartam
741 2680 828 2742 curie
861 2681 891 2740 in
917 2700 950 2740 se
982 2679 1214 2758 continentem,
1239 2680 1370 2763 Mathye
1400 2679 1468 2742 filio
1501 2681 1591 2742 Pauli
1617 2681 1656 2741 de

395 2791 595 2872 Kaproncza‚
628 2802 662 2849 ut
685 2788 749 2869 jam
782 2807 868 2848 novo
902 2785 1026 2848 concivi
1060 2801 1179 2866 nostro,
1211 2807 1247 2848 ac
1278 2807 1434 2870 pereum
1467 2787 1568 2850 Elene
1591 2785 1656 2849 filie

395 2897 494 2978 ipsius
520 2895 652 2976 Georgii
677 2893 758 2956 fabri
784 2894 925 2956 consorti
951 2914 1027 2954 vero
1056 2893 1214 2974 legittime
1246 2895 1346 2976 ipsius
1371 2892 1500 2976 Mathye
1524 2893 1657 2955 donavit

395 3018 550 3086 perpetuo
575 3002 803 3084 possidendam
829 3016 860 3062 et
883 3001 1059 3082 superinde
1085 3015 1132 3064 est
1164 3002 1255 3063 litera
1280 3003 1339 3063 sub
1371 3001 1523 3084 pendenti
1549 3001 1656 3080 sigillo

395 3110 635 3172 communitatis
659 3108 902 3190 privilegialiter
926 3121 1083 3170 emanata.

501 3217 580 3278 ltem
604 3215 736 3296 quidam
760 3215 851 3277 locus
875 3213 989 3296 (h)orei
1014 3227 1044 3276 et
1068 3216 1186 3277 stabuli
1211 3235 1247 3277 ac
1264 3215 1371 3297 (h)orti
1397 3215 1535 3277 condam
1561 3215 1656 3276 Seba-

396 3324 488 3384 stiani
516 3319 679 3404 Zedinych
705 3321 736 3382 in
766 3321 926 3382 territorio
951 3336 1060 3382 nostro
1078 3322 1159 3383 inter
1176 3321 1310 3403 (h)ortos
1326 3323 1502 3383 liberorum
1519 3320 1657 3383 condam

400 3429 598 3511 Sigismundi
623 3427 717 3508 jurati
742 3447 777 3488 ac
803 3427 937 3509 provide
956 3428 1087 3489 domine
1112 3429 1285 3490 Scolastice
1314 3429 1406 3490 aliter
1423 3429 1522 3490 Ztana
1546 3441 1657 3489 vocate

397 3537 505 3598 relicte
531 3535 668 3596 condam
694 3532 842 3614 Gregorii
867 3534 961 3612 jurati
991 3555 1076 3596 nunc
1097 3536 1253 3597 consortis
1271 3535 1427 3616 legittime
1452 3534 1580 3596 Andree
1597 3535 1657 3595 La-

397 3643 455 3704 tini
480 3641 617 3718 habitus,
642 3660 698 3721 per
723 3640 914 3702 Michaelem
943 3654 1084 3702 sutorem
1117 3661 1332 3703 successorem
1367 3657 1397 3703 et
1421 3640 1657 3722 Margaretham

397 3748 495 3810 liliam
522 3747 634 3829 prefati
660 3747 838 3808 Sebastiani
864 3747 996 3809 domine
1018 3749 1115 3808 Lucie
1141 3748 1249 3808 relicte
1278 3748 1416 3810 condam
1442 3747 1572 3830 lvlathye
1600 3748 1657 3809 vil·

397 3855 450 3916 lici
474 3854 513 3914 de
539 3854 609 3914 vico
635 3853 822 3914 Latinorum
844 3875 880 3914 ac
904 3853 1010 3915 livano
1028 3852 1095 3915 filio
1120 3854 1264 3916 eiusdem
1295 3852 1426 3916 domine
1445 3855 1555 3932 Lucie,
1580 3874 1657 3916 con·

397 3961 521 4022 civibus
545 3960 670 4038 nostris,
695 3972 741 4020 est
774 3960 922 4021 venditus
949 3980 1007 4040 pro
1040 3959 1151 4022 decem
1184 3959 1346 4022 donanti
1378 3975 1534 4042 perpetuo
1559 3961 1658 4040 possi-

398 4066 523 4128 dendus
546 4079 576 4126 et
607 4066 779 4147 superinde
812 4080 858 4129 est
890 4067 980 4128 litera
1012 4068 1070 4128 sub
1103 4067 1256 4149 pendenti
1288 4067 1394 4148 sigillo
1419 4067 1659 4128 communitatis

397 4172 641 4254 privilegialiter
665 4185 821 4234 emanata.

506 4278 582 4340 ltem
609 4277 792 4340 Anthonius
827 4277 915 4340 laber
947 4278 1031 4340 filius
1056 4279 1152 4341 Blasii
1185 4280 1423 4342 commissarius
1454 4294 1485 4340 et
1509 4294 1660 4342 executor

397 4385 579 4447 testamenti
605 4385 741 4446 verbalis
773 4386 910 4447 condam
936 4387 1065 4448 Martini
1090 4386 1170 4448 fabri
1199 4388 1277 4449 olim
1303 4387 1445 4448 concivis
1470 4388 1569 4448 nostri
1600 4385 1659 4448 filii

399 4491 540 4569 Thome‚
566 4492 771 4553 medietatem
797 4491 950 4554 directam
981 4508 1011 4554 et
1042 4494 1191 4574 equalem
1217 4495 1382 4556 cuiusdam
1416 4493 1543 4574 domus,
1568 4492 1660 4554 fundi

399 4613 429 4659 et
454 4597 678 4659 hedificiorum
703 4598 802 4680 ipsius
835 4600 971 4662 condam
1003 4601 1131 4661 Martini
1164 4600 1244 4662 labri
1270 4602 1300 4662 in
1334 4602 1405 4663 vico
1441 4615 1550 4663 nostro
1575 4615 1659 4662 erte-

399 4706 473 4766 riori
500 4704 585 4787 juxta
610 4704 744 4766 fluvium
770 4719 914 4767 nostrum
939 4707 1089 4768 metalem
1115 4709 1197 4769 inter
1226 4708 1359 4770 domum
1384 4722 1415 4770 et
1438 4706 1576 4769 fundum
1600 4707 1660 4769 viri

399 4812 524 4894 providi
559 4811 691 4892 Georgii
724 4812 816 4873 aliter
849 4812 957 4875 Gurak
991 4815 1113 4890 vocati,
1146 4814 1222 4877 dicti
1255 4815 1498 4895 Mozlavtchich,
1524 4829 1554 4876 et
1579 4815 1661 4876 inter

400 4919 483 4979 viam
510 4939 716 4980 communem
742 4918 861 4998 habite,
885 4939 980 4980 unam
1014 4920 1164 4982 videlicet
1196 4936 1342 5002 quartam
1368 4922 1454 4984 curie
1478 4923 1510 4984 in
1535 4941 1568 4984 se
1593 4936 1659 4983 tan-
