<?xml version="1.0" encoding="UTF-8"?>
<!DOCTYPE html PUBLIC "-//W3C//DTD XHTML 1.0 Transitional//EN"
    "http://www.w3.org/TR/xhtml1/DTD/xhtml1-transitional.dtd">
<html xmlns="http://www.w3.org/1999/xhtml" xml:lang="en" lang="en">
 <head>
  <title>
</title>
<meta http-equiv="Content-Type" content="text/html;charset=utf-8" />
  <meta name='ocr-system' content='tesseract 3.04.00' />
  <meta name='ocr-capabilities' content='ocr_page ocr_carea ocr_par ocr_line ocrx_word'/>
</head>
<body>
  <div class='ocr_page' id='page_1' title='image "./monumentahistor21laszgoog_0160.png"; bbox 0 0 3816 5802; ppageno 0'>
   <div class='ocr_carea' id='block_1_1' title="bbox 391 614 1117 694">
    <p class='ocr_par' dir='ltr' id='par_1_1' title="bbox 391 614 1117 694">
     <span class='ocr_line' id='line_1_1' title="bbox 391 614 1117 694; baseline 0.003 -20"><span class='ocrx_word' id='word_1_1' title='bbox 391 614 449 674; x_wconf 89' lang='lat' dir='ltr'>rr6</span> <span class='ocrx_word' id='word_1_2' title='bbox 846 629 860 665; x_wconf 69' lang='grc' dir='ltr'><strong>ο</strong></span> <span class='ocrx_word' id='word_1_3' title='bbox 918 618 1004 675; x_wconf 77' lang='lat' dir='ltr'>Anno</span> <span class='ocrx_word' id='word_1_4' title='bbox 1026 628 1117 694; x_wconf 76' lang='lat'><em>1450.</em></span> 
     </span>
    </p>
   </div>
   <div class='ocr_carea' id='block_1_2' title="bbox 383 827 1717 2084">
    <p class='ocr_par' dir='ltr' id='par_1_2' title="bbox 385 827 1717 998">
     <span class='ocr_line' id='line_1_2' title="bbox 385 827 1717 912; baseline 0.002 -24"><span class='ocrx_word' id='word_1_5' title='bbox 385 827 524 889; x_wconf 90' lang='lat' dir='ltr'>institori</span> <span class='ocrx_word' id='word_1_6' title='bbox 556 841 603 890; x_wconf 89' lang='lat' dir='ltr'>est</span> <span class='ocrx_word' id='word_1_7' title='bbox 625 829 716 891; x_wconf 89' lang='lat' dir='ltr'>litera</span> <span class='ocrx_word' id='word_1_8' title='bbox 750 829 959 912; x_wconf 84' lang='lat' dir='ltr'>privilegialis</span> <span class='ocrx_word' id='word_1_9' title='bbox 991 832 1050 892; x_wconf 89' lang='lat' dir='ltr'>sub</span> <span class='ocrx_word' id='word_1_10' title='bbox 1082 829 1235 911; x_wconf 87' lang='lat' dir='ltr'>pendenti</span> <span class='ocrx_word' id='word_1_11' title='bbox 1266 830 1373 912; x_wconf 79' lang='lat' dir='ltr'>sigillo</span> <span class='ocrx_word' id='word_1_12' title='bbox 1406 829 1647 892; x_wconf 77' lang='lat' dir='ltr'>communitatis</span> <span class='ocrx_word' id='word_1_13' title='bbox 1711 865 1717 874; x_wconf 88' lang='lat'><strong>·</strong></span> 
     </span>
     <span class='ocr_line' id='line_1_3' title="bbox 385 947 542 998; baseline 0.019 -3"><span class='ocrx_word' id='word_1_14' title='bbox 385 947 542 998; x_wconf 76' lang='lat' dir='ltr'><strong>emanata.</strong></span> 
     </span>
    </p>

    <p class='ocr_par' dir='ltr' id='par_1_3' title="bbox 383 1040 1647 2084">
     <span class='ocr_line' id='line_1_4' title="bbox 491 1040 1647 1128; baseline 0.002 -26"><span class='ocrx_word' id='word_1_15' title='bbox 491 1040 568 1102; x_wconf 85' lang='lat' dir='ltr'>Item</span> <span class='ocrx_word' id='word_1_16' title='bbox 594 1041 746 1104; x_wconf 88' lang='lat' dir='ltr'>dominus</span> <span class='ocrx_word' id='word_1_17' title='bbox 772 1041 978 1105; x_wconf 90' lang='lat' dir='ltr'>Bernhardus</span> <span class='ocrx_word' id='word_1_18' title='bbox 1011 1042 1194 1128; x_wconf 82' lang='lat' dir='ltr'>Grybinger</span> <span class='ocrx_word' id='word_1_19' title='bbox 1226 1043 1320 1105; x_wconf 85' lang='lat' dir='ltr'>miles</span> <span class='ocrx_word' id='word_1_20' title='bbox 1351 1042 1564 1106; x_wconf 87' lang='lat' dir='ltr'>marschalcus</span> <span class='ocrx_word' id='word_1_21' title='bbox 1589 1041 1647 1104; x_wconf 93' lang='lat' dir='ltr'>do-</span> 
     </span>
     <span class='ocr_line' id='line_1_5' title="bbox 384 1147 1646 1231; baseline 0.002 -23"><span class='ocrx_word' id='word_1_22' title='bbox 384 1147 463 1208; x_wconf 92' lang='lat' dir='ltr'>mini</span> <span class='ocrx_word' id='word_1_23' title='bbox 487 1147 586 1210; x_wconf 91' lang='lat' dir='ltr'>Vlrici</span> <span class='ocrx_word' id='word_1_24' title='bbox 612 1149 738 1211; x_wconf 90' lang='lat' dir='ltr'>comitis</span> <span class='ocrx_word' id='word_1_25' title='bbox 763 1148 847 1212; x_wconf 91' lang='lat' dir='ltr'>Cilie</span> <span class='ocrx_word' id='word_1_26' title='bbox 871 1164 929 1212; x_wconf 89' lang='lat' dir='ltr'>etc.</span> <span class='ocrx_word' id='word_1_27' title='bbox 961 1169 997 1211; x_wconf 89' lang='lat' dir='ltr'>ac</span> <span class='ocrx_word' id='word_1_28' title='bbox 1029 1149 1118 1231; x_wconf 83' lang='lat' dir='ltr'>regni</span> <span class='ocrx_word' id='word_1_29' title='bbox 1144 1149 1316 1212; x_wconf 90' lang='lat' dir='ltr'>Sclauonie</span> <span class='ocrx_word' id='word_1_30' title='bbox 1350 1150 1435 1228; x_wconf 89' lang='lat' dir='ltr'>bani,</span> <span class='ocrx_word' id='word_1_31' title='bbox 1459 1149 1646 1231; x_wconf 79' lang='lat' dir='ltr'>capitaneus</span> 
     </span>
     <span class='ocr_line' id='line_1_6' title="bbox 384 1255 1644 1339; baseline 0.003 -25"><span class='ocrx_word' id='word_1_32' title='bbox 384 1273 441 1316; x_wconf 86' lang='lat' dir='ltr'>seu</span> <span class='ocrx_word' id='word_1_33' title='bbox 458 1255 651 1318; x_wconf 85' lang='lat' dir='ltr'>castellanus</span> <span class='ocrx_word' id='word_1_34' title='bbox 668 1256 760 1318; x_wconf 86' lang='lat' dir='ltr'>castri</span> <span class='ocrx_word' id='word_1_35' title='bbox 778 1256 878 1320; x_wconf 88' lang='lat' dir='ltr'>sancti</span> <span class='ocrx_word' id='word_1_36' title='bbox 904 1255 1037 1338; x_wconf 83' lang='lat' dir='ltr'>Georgii</span> <span class='ocrx_word' id='word_1_37' title='bbox 1055 1256 1205 1336; x_wconf 88' lang='lat' dir='ltr'>martiris,</span> <span class='ocrx_word' id='word_1_38' title='bbox 1221 1257 1385 1339; x_wconf 89' lang='lat' dir='ltr'>quandam</span> <span class='ocrx_word' id='word_1_39' title='bbox 1402 1256 1537 1320; x_wconf 91' lang='lat' dir='ltr'>domum</span> <span class='ocrx_word' id='word_1_40' title='bbox 1553 1276 1644 1319; x_wconf 90' lang='lat' dir='ltr'>suam</span> 
     </span>
     <span class='ocr_line' id='line_1_7' title="bbox 384 1362 1647 1442; baseline 0.001 -20"><span class='ocrx_word' id='word_1_41' title='bbox 384 1375 542 1424; x_wconf 89' lang='lat' dir='ltr'>muratam</span> <span class='ocrx_word' id='word_1_42' title='bbox 567 1375 598 1422; x_wconf 91' lang='lat' dir='ltr'>et</span> <span class='ocrx_word' id='word_1_43' title='bbox 621 1363 779 1424; x_wconf 88' lang='lat' dir='ltr'>staciones</span> <span class='ocrx_word' id='word_1_44' title='bbox 802 1362 949 1424; x_wconf 91' lang='lat' dir='ltr'>similiter</span> <span class='ocrx_word' id='word_1_45' title='bbox 973 1375 1112 1424; x_wconf 88' lang='lat' dir='ltr'>muratas</span> <span class='ocrx_word' id='word_1_46' title='bbox 1146 1363 1235 1442; x_wconf 88' lang='lat' dir='ltr'>duas,</span> <span class='ocrx_word' id='word_1_47' title='bbox 1261 1383 1296 1424; x_wconf 91' lang='lat' dir='ltr'>ac</span> <span class='ocrx_word' id='word_1_48' title='bbox 1320 1363 1473 1425; x_wconf 90' lang='lat' dir='ltr'>celarium</span> <span class='ocrx_word' id='word_1_49' title='bbox 1498 1363 1647 1425; x_wconf 88' lang='lat' dir='ltr'>similiter</span> 
     </span>
     <span class='ocr_line' id='line_1_8' title="bbox 384 1468 1644 1548; baseline 0 -18"><span class='ocrx_word' id='word_1_50' title='bbox 384 1481 544 1530; x_wconf 90' lang='lat' dir='ltr'>muratum</span> <span class='ocrx_word' id='word_1_51' title='bbox 568 1489 642 1531; x_wconf 91' lang='lat' dir='ltr'>cum</span> <span class='ocrx_word' id='word_1_52' title='bbox 674 1469 809 1531; x_wconf 90' lang='lat' dir='ltr'>cisterna</span> <span class='ocrx_word' id='word_1_53' title='bbox 840 1469 986 1531; x_wconf 87' lang='lat' dir='ltr'>similiter</span> <span class='ocrx_word' id='word_1_54' title='bbox 1018 1483 1152 1548; x_wconf 87' lang='lat' dir='ltr'>murata,</span> <span class='ocrx_word' id='word_1_55' title='bbox 1177 1483 1207 1531; x_wconf 91' lang='lat' dir='ltr'>et</span> <span class='ocrx_word' id='word_1_56' title='bbox 1239 1468 1340 1532; x_wconf 86' lang='lat' dir='ltr'>fundo</span> <span class='ocrx_word' id='word_1_57' title='bbox 1372 1489 1407 1532; x_wconf 87' lang='lat' dir='ltr'>ac</span> <span class='ocrx_word' id='word_1_58' title='bbox 1431 1469 1588 1532; x_wconf 86' lang='lat' dir='ltr'>hedificiis</span> <span class='ocrx_word' id='word_1_59' title='bbox 1613 1471 1644 1530; x_wconf 92' lang='lat' dir='ltr'>in</span> 
     </span>
     <span class='ocr_line' id='line_1_9' title="bbox 384 1557 1646 1638; baseline 0.001 -3"><span class='ocrx_word' id='word_1_60' title='bbox 384 1574 468 1636; x_wconf 91' lang='lat' dir='ltr'>dicta</span> <span class='ocrx_word' id='word_1_61' title='bbox 492 1575 619 1637; x_wconf 88' lang='lat' dir='ltr'>civitate</span> <span class='ocrx_word' id='word_1_62' title='bbox 644 1577 726 1638; x_wconf 90' lang='lat' dir='ltr'>inter</span> <span class='ocrx_word' id='word_1_63' title='bbox 750 1575 885 1638; x_wconf 90' lang='lat' dir='ltr'>domum</span> <span class='ocrx_word' id='word_1_64' title='bbox 907 1557 1065 1637; x_wconf 82' lang='lat' dir='ltr'>muratam</span> <span class='ocrx_word' id='word_1_65' title='bbox 1090 1589 1120 1638; x_wconf 93' lang='lat' dir='ltr'>et</span> <span class='ocrx_word' id='word_1_66' title='bbox 1137 1574 1273 1636; x_wconf 85' lang='lat' dir='ltr'>fundum</span> <span class='ocrx_word' id='word_1_67' title='bbox 1298 1595 1334 1637; x_wconf 91' lang='lat' dir='ltr'>ac</span> <span class='ocrx_word' id='word_1_68' title='bbox 1354 1573 1502 1638; x_wconf 86' lang='lat' dir='ltr'>hedificia</span> <span class='ocrx_word' id='word_1_69' title='bbox 1526 1575 1646 1638; x_wconf 89' lang='lat' dir='ltr'>Valen-</span> 
     </span>
     <span class='ocr_line' id='line_1_10' title="bbox 384 1681 1645 1764; baseline 0.002 -22"><span class='ocrx_word' id='word_1_70' title='bbox 384 1681 443 1742; x_wconf 89' lang='lat' dir='ltr'>tini</span> <span class='ocrx_word' id='word_1_71' title='bbox 461 1681 575 1764; x_wconf 85' lang='lat' dir='ltr'>judicis</span> <span class='ocrx_word' id='word_1_72' title='bbox 591 1681 649 1743; x_wconf 88' lang='lat' dir='ltr'>lilii</span> <span class='ocrx_word' id='word_1_73' title='bbox 674 1681 851 1762; x_wconf 78' lang='lat' dir='ltr'>Michaelis,</span> <span class='ocrx_word' id='word_1_74' title='bbox 876 1685 916 1744; x_wconf 90' lang='lat' dir='ltr'>ab</span> <span class='ocrx_word' id='word_1_75' title='bbox 939 1681 1116 1760; x_wconf 88' lang='lat' dir='ltr'>occidente,</span> <span class='ocrx_word' id='word_1_76' title='bbox 1141 1695 1172 1744; x_wconf 93' lang='lat' dir='ltr'>et</span> <span class='ocrx_word' id='word_1_77' title='bbox 1190 1683 1271 1744; x_wconf 91' lang='lat' dir='ltr'>inter</span> <span class='ocrx_word' id='word_1_78' title='bbox 1295 1683 1428 1744; x_wconf 90' lang='lat' dir='ltr'>domum</span> <span class='ocrx_word' id='word_1_79' title='bbox 1447 1683 1588 1764; x_wconf 83' lang='lat' dir='ltr'>ligneam</span> <span class='ocrx_word' id='word_1_80' title='bbox 1613 1697 1645 1744; x_wconf 89' lang='lat' dir='ltr'>et</span> 
     </span>
     <span class='ocr_line' id='line_1_11' title="bbox 386 1785 1646 1872; baseline 0.002 -24"><span class='ocrx_word' id='word_1_81' title='bbox 386 1785 521 1850; x_wconf 83' lang='lat' dir='ltr'>fundum</span> <span class='ocrx_word' id='word_1_82' title='bbox 547 1789 681 1872; x_wconf 86' lang='lat' dir='ltr'>provide</span> <span class='ocrx_word' id='word_1_83' title='bbox 699 1789 830 1852; x_wconf 89' lang='lat' dir='ltr'>domine</span> <span class='ocrx_word' id='word_1_84' title='bbox 849 1787 1023 1850; x_wconf 88' lang='lat' dir='ltr'>Karberine</span> <span class='ocrx_word' id='word_1_85' title='bbox 1040 1789 1132 1851; x_wconf 91' lang='lat' dir='ltr'>aliter</span> <span class='ocrx_word' id='word_1_86' title='bbox 1149 1789 1308 1872; x_wconf 87' lang='lat' dir='ltr'>Werycza</span> <span class='ocrx_word' id='word_1_87' title='bbox 1325 1803 1447 1868; x_wconf 88' lang='lat' dir='ltr'>vocate,</span> <span class='ocrx_word' id='word_1_88' title='bbox 1464 1791 1503 1852; x_wconf 89' lang='lat' dir='ltr'>ab</span> <span class='ocrx_word' id='word_1_89' title='bbox 1521 1789 1646 1851; x_wconf 91' lang='lat' dir='ltr'>oriente</span> 
     </span>
     <span class='ocr_line' id='line_1_12' title="bbox 384 1894 1646 1978; baseline 0 -22"><span class='ocrx_word' id='word_1_90' title='bbox 384 1895 489 1973; x_wconf 88' lang='lat' dir='ltr'>sitam,</span> <span class='ocrx_word' id='word_1_91' title='bbox 513 1895 654 1956; x_wconf 89' lang='lat' dir='ltr'>mediam</span> <span class='ocrx_word' id='word_1_92' title='bbox 679 1895 800 1957; x_wconf 91' lang='lat' dir='ltr'>curiam</span> <span class='ocrx_word' id='word_1_93' title='bbox 824 1894 865 1957; x_wconf 91' lang='lat' dir='ltr'>ad</span> <span class='ocrx_word' id='word_1_94' title='bbox 889 1915 981 1958; x_wconf 91' lang='lat' dir='ltr'>usum</span> <span class='ocrx_word' id='word_1_95' title='bbox 1000 1895 1135 1957; x_wconf 89' lang='lat' dir='ltr'>civitatis</span> <span class='ocrx_word' id='word_1_96' title='bbox 1155 1894 1276 1978; x_wconf 88' lang='lat' dir='ltr'>prefate</span> <span class='ocrx_word' id='word_1_97' title='bbox 1301 1895 1332 1957; x_wconf 91' lang='lat' dir='ltr'>in</span> <span class='ocrx_word' id='word_1_98' title='bbox 1357 1917 1389 1957; x_wconf 89' lang='lat' dir='ltr'>se</span> <span class='ocrx_word' id='word_1_99' title='bbox 1414 1896 1646 1972; x_wconf 91' lang='lat' dir='ltr'>continentem,</span> 
     </span>
     <span class='ocr_line' id='line_1_13' title="bbox 383 2001 1646 2084; baseline 0.002 -22"><span class='ocrx_word' id='word_1_100' title='bbox 383 2021 456 2064; x_wconf 83' lang='lat' dir='ltr'>cunr</span> <span class='ocrx_word' id='word_1_101' title='bbox 481 2003 546 2064; x_wconf 86' lang='lat' dir='ltr'>suis</span> <span class='ocrx_word' id='word_1_102' title='bbox 570 2002 761 2064; x_wconf 82' lang='lat' dir='ltr'>utilitatibus</span> <span class='ocrx_word' id='word_1_103' title='bbox 785 2015 816 2064; x_wconf 89' lang='lat' dir='ltr'>et</span> <span class='ocrx_word' id='word_1_104' title='bbox 839 2001 1046 2084; x_wconf 86' lang='lat' dir='ltr'>pertinenciis</span> <span class='ocrx_word' id='word_1_105' title='bbox 1079 2002 1235 2064; x_wconf 86' lang='lat' dir='ltr'>universis</span> <span class='ocrx_word' id='word_1_106' title='bbox 1259 2002 1396 2084; x_wconf 90' lang='lat' dir='ltr'>provido</span> <span class='ocrx_word' id='word_1_107' title='bbox 1420 2002 1489 2064; x_wconf 94' lang='lat' dir='ltr'>viro</span> <span class='ocrx_word' id='word_1_108' title='bbox 1514 2002 1646 2064; x_wconf 85' lang='lat' dir='ltr'>Andree</span> 
     </span>
    </p>
   </div>
   <div class='ocr_carea' id='block_1_3' title="bbox 383 2213 1648 2616">
    <p class='ocr_par' dir='ltr' id='par_1_4' title="bbox 383 2213 1648 2616">
     <span class='ocr_line' id='line_1_14' title="bbox 384 2213 1648 2297; baseline 0 -22"><span class='ocrx_word' id='word_1_109' title='bbox 384 2233 469 2276; x_wconf 91' lang='lat' dir='ltr'>novo</span> <span class='ocrx_word' id='word_1_110' title='bbox 486 2215 610 2276; x_wconf 86' lang='lat' dir='ltr'>concivi</span> <span class='ocrx_word' id='word_1_111' title='bbox 627 2227 736 2276; x_wconf 89' lang='lat' dir='ltr'>nostro</span> <span class='ocrx_word' id='word_1_112' title='bbox 761 2234 795 2276; x_wconf 89' lang='lat' dir='ltr'>ac</span> <span class='ocrx_word' id='word_1_113' title='bbox 820 2234 876 2297; x_wconf 91' lang='lat' dir='ltr'>per</span> <span class='ocrx_word' id='word_1_114' title='bbox 900 2234 974 2276; x_wconf 89' lang='lat' dir='ltr'>eum</span> <span class='ocrx_word' id='word_1_115' title='bbox 1001 2214 1133 2275; x_wconf 89' lang='lat' dir='ltr'>domine</span> <span class='ocrx_word' id='word_1_116' title='bbox 1158 2213 1358 2294; x_wconf 84' lang='lat' dir='ltr'>Margaretbe</span> <span class='ocrx_word' id='word_1_117' title='bbox 1375 2233 1432 2276; x_wconf 90' lang='lat' dir='ltr'>sue</span> <span class='ocrx_word' id='word_1_118' title='bbox 1456 2215 1597 2276; x_wconf 85' lang='lat' dir='ltr'>consorti</span> <span class='ocrx_word' id='word_1_119' title='bbox 1616 2229 1648 2275; x_wconf 91' lang='lat' dir='ltr'>et</span> 
     </span>
     <span class='ocr_line' id='line_1_15' title="bbox 384 2320 1646 2404; baseline 0 -22"><span class='ocrx_word' id='word_1_120' title='bbox 384 2321 527 2404; x_wconf 90' lang='lat' dir='ltr'>ipsorum</span> <span class='ocrx_word' id='word_1_121' title='bbox 553 2321 726 2383; x_wconf 90' lang='lat' dir='ltr'>heredibus</span> <span class='ocrx_word' id='word_1_122' title='bbox 751 2341 808 2404; x_wconf 94' lang='lat' dir='ltr'>pro</span> <span class='ocrx_word' id='word_1_123' title='bbox 832 2335 961 2384; x_wconf 92' lang='lat' dir='ltr'>centum</span> <span class='ocrx_word' id='word_1_124' title='bbox 995 2335 1025 2383; x_wconf 91' lang='lat' dir='ltr'>et</span> <span class='ocrx_word' id='word_1_125' title='bbox 1057 2321 1171 2402; x_wconf 81' lang='lat' dir='ltr'>viginti</span> <span class='ocrx_word' id='word_1_126' title='bbox 1204 2320 1274 2382; x_wconf 93' lang='lat' dir='ltr'>flor.</span> <span class='ocrx_word' id='word_1_127' title='bbox 1307 2321 1375 2382; x_wconf 89' lang='lat' dir='ltr'>auri</span> <span class='ocrx_word' id='word_1_128' title='bbox 1399 2321 1546 2382; x_wconf 90' lang='lat' dir='ltr'>vendidit</span> <span class='ocrx_word' id='word_1_129' title='bbox 1576 2340 1646 2403; x_wconf 89' lang='lat' dir='ltr'>per·</span> 
     </span>
     <span class='ocr_line' id='line_1_16' title="bbox 383 2427 1647 2510; baseline -0.001 -21"><span class='ocrx_word' id='word_1_130' title='bbox 383 2441 483 2509; x_wconf 91' lang='lat' dir='ltr'>petuo</span> <span class='ocrx_word' id='word_1_131' title='bbox 500 2427 728 2510; x_wconf 86' lang='lat' dir='ltr'>possidendam</span> <span class='ocrx_word' id='word_1_132' title='bbox 753 2448 791 2490; x_wconf 88' lang='lat' dir='ltr'>ex</span> <span class='ocrx_word' id='word_1_133' title='bbox 814 2447 972 2490; x_wconf 88' lang='lat' dir='ltr'>consensu</span> <span class='ocrx_word' id='word_1_134' title='bbox 989 2427 1171 2489; x_wconf 91' lang='lat' dir='ltr'>vicinorum</span> <span class='ocrx_word' id='word_1_135' title='bbox 1189 2427 1405 2510; x_wconf 91' lang='lat' dir='ltr'>predictorum</span> <span class='ocrx_word' id='word_1_136' title='bbox 1427 2440 1458 2490; x_wconf 89' lang='lat' dir='ltr'>et</span> <span class='ocrx_word' id='word_1_137' title='bbox 1473 2427 1647 2510; x_wconf 85' lang='lat' dir='ltr'>superinde</span> 
     </span>
     <span class='ocr_line' id='line_1_17' title="bbox 383 2533 1373 2616; baseline 0.002 -22"><span class='ocrx_word' id='word_1_138' title='bbox 383 2545 430 2594; x_wconf 84' lang='lat' dir='ltr'>est</span> <span class='ocrx_word' id='word_1_139' title='bbox 446 2533 537 2596; x_wconf 87' lang='lat' dir='ltr'>litera</span> <span class='ocrx_word' id='word_1_140' title='bbox 554 2535 613 2595; x_wconf 85' lang='lat' dir='ltr'>sub</span> <span class='ocrx_word' id='word_1_141' title='bbox 638 2534 791 2616; x_wconf 89' lang='lat' dir='ltr'>pendenti</span> <span class='ocrx_word' id='word_1_142' title='bbox 815 2535 922 2615; x_wconf 86' lang='lat' dir='ltr'>sigillo</span> <span class='ocrx_word' id='word_1_143' title='bbox 950 2533 1192 2596; x_wconf 83' lang='lat' dir='ltr'>communitatis</span> <span class='ocrx_word' id='word_1_144' title='bbox 1216 2547 1373 2596; x_wconf 89' lang='lat' dir='ltr'>emanata.</span> 
     </span>
    </p>
   </div>
   <div class='ocr_carea' id='block_1_4' title="bbox 463 2771 1566 2862">
    <p class='ocr_par' dir='ltr' id='par_1_5' title="bbox 463 2771 1566 2862">
     <span class='ocr_line' id='line_1_18' title="bbox 463 2771 1566 2862; baseline 0.002 -20"><span class='ocrx_word' id='word_1_145' title='bbox 463 2771 543 2843; x_wconf 88' lang='lat' dir='ltr'>ltem</span> <span class='ocrx_word' id='word_1_146' title='bbox 572 2773 714 2845; x_wconf 85' lang='lat' dir='ltr'>sabbato</span> <span class='ocrx_word' id='word_1_147' title='bbox 748 2776 900 2862; x_wconf 86' lang='lat' dir='ltr'>proximo</span> <span class='ocrx_word' id='word_1_148' title='bbox 928 2783 1006 2845; x_wconf 85' lang='lat' dir='ltr'>ante</span> <span class='ocrx_word' id='word_1_149' title='bbox 1034 2773 1156 2845; x_wconf 80' lang='lat' dir='ltr'>festum</span> <span class='ocrx_word' id='word_1_150' title='bbox 1186 2772 1442 2845; x_wconf 83' lang='lat' dir='ltr'>Purificacionia</span> <span class='ocrx_word' id='word_1_151' title='bbox 1470 2773 1566 2844; x_wconf 86' lang='lat' dir='ltr'>beate</span> 
     </span>
    </p>
   </div>
   <div class='ocr_carea' id='block_1_5' title="bbox 869 2895 1154 3127">
    <p class='ocr_par' dir='ltr' id='par_1_6' title="bbox 869 2895 1154 3127">
     <span class='ocr_line' id='line_1_19' title="bbox 869 2895 1154 2985; baseline -0.007 -19"><span class='ocrx_word' id='word_1_152' title='bbox 869 2895 1010 2985; x_wconf 80' lang='lat' dir='ltr'>virginis</span> <span class='ocrx_word' id='word_1_153' title='bbox 1039 2897 1154 2968; x_wconf 82' lang='lat' dir='ltr'>llarie.</span> 
     </span>
     <span class='ocr_line' id='line_1_20' title="bbox 896 3049 1145 3127; baseline 0.012 -19"><span class='ocrx_word' id='word_1_154' title='bbox 896 3051 960 3127; x_wconf 77' lang='lat'><em>(31.</em></span> <span class='ocrx_word' id='word_1_155' title='bbox 976 3049 1145 3126; x_wconf 81' lang='lat' dir='ltr'>januarii).</span> 
     </span>
    </p>
   </div>
   <div class='ocr_carea' id='block_1_6' title="bbox 382 3187 1650 5183">
    <p class='ocr_par' dir='ltr' id='par_1_7' title="bbox 382 3187 1650 5183">
     <span class='ocr_line' id='line_1_21' title="bbox 489 3187 1648 3252; baseline -0.002 -2"><span class='ocrx_word' id='word_1_156' title='bbox 489 3189 565 3251; x_wconf 87' lang='lat' dir='ltr'>ltem</span> <span class='ocrx_word' id='word_1_157' title='bbox 591 3189 722 3252; x_wconf 92' lang='lat' dir='ltr'>domina</span> <span class='ocrx_word' id='word_1_158' title='bbox 740 3190 841 3252; x_wconf 89' lang='lat' dir='ltr'>Elena</span> <span class='ocrx_word' id='word_1_159' title='bbox 860 3189 952 3250; x_wconf 89' lang='lat' dir='ltr'>aliter</span> <span class='ocrx_word' id='word_1_160' title='bbox 969 3187 1075 3250; x_wconf 90' lang='lat' dir='ltr'>llenka</span> <span class='ocrx_word' id='word_1_161' title='bbox 1092 3201 1205 3250; x_wconf 86' lang='lat' dir='ltr'>vocata</span> <span class='ocrx_word' id='word_1_162' title='bbox 1224 3189 1333 3249; x_wconf 88' lang='lat' dir='ltr'>relicta</span> <span class='ocrx_word' id='word_1_163' title='bbox 1361 3187 1500 3249; x_wconf 91' lang='lat' dir='ltr'>condam</span> <span class='ocrx_word' id='word_1_164' title='bbox 1518 3187 1648 3250; x_wconf 91' lang='lat' dir='ltr'>Nicolai</span> 
     </span>
     <span class='ocr_line' id='line_1_22' title="bbox 383 3293 1645 3374; baseline -0.002 -18"><span class='ocrx_word' id='word_1_165' title='bbox 383 3295 461 3356; x_wconf 93' lang='lat' dir='ltr'>olim</span> <span class='ocrx_word' id='word_1_166' title='bbox 486 3294 600 3374; x_wconf 88' lang='lat' dir='ltr'>judicis</span> <span class='ocrx_word' id='word_1_167' title='bbox 624 3309 654 3357; x_wconf 91' lang='lat' dir='ltr'>et</span> <span class='ocrx_word' id='word_1_168' title='bbox 677 3296 819 3358; x_wconf 90' lang='lat' dir='ltr'>concivis</span> <span class='ocrx_word' id='word_1_169' title='bbox 843 3296 943 3357; x_wconf 90' lang='lat' dir='ltr'>nostri</span> <span class='ocrx_word' id='word_1_170' title='bbox 968 3293 1025 3356; x_wconf 89' lang='lat' dir='ltr'>filii</span> <span class='ocrx_word' id='word_1_171' title='bbox 1052 3295 1198 3374; x_wconf 88' lang='lat' dir='ltr'>Fabiani,</span> <span class='ocrx_word' id='word_1_172' title='bbox 1231 3294 1373 3356; x_wconf 92' lang='lat' dir='ltr'>concivis</span> <span class='ocrx_word' id='word_1_173' title='bbox 1398 3306 1517 3371; x_wconf 91' lang='lat' dir='ltr'>nostra,</span> <span class='ocrx_word' id='word_1_174' title='bbox 1542 3293 1645 3354; x_wconf 92' lang='lat' dir='ltr'>direc-</span> 
     </span>
     <span class='ocr_line' id='line_1_23' title="bbox 382 3399 1649 3483; baseline -0.001 -22"><span class='ocrx_word' id='word_1_175' title='bbox 382 3413 445 3462; x_wconf 86' lang='lat' dir='ltr'>tam</span> <span class='ocrx_word' id='word_1_176' title='bbox 471 3415 502 3462; x_wconf 92' lang='lat' dir='ltr'>et</span> <span class='ocrx_word' id='word_1_177' title='bbox 526 3401 674 3482; x_wconf 88' lang='lat' dir='ltr'>equalem</span> <span class='ocrx_word' id='word_1_178' title='bbox 703 3402 908 3464; x_wconf 89' lang='lat' dir='ltr'>medietatem</span> <span class='ocrx_word' id='word_1_179' title='bbox 944 3402 1090 3463; x_wconf 91' lang='lat' dir='ltr'>omniurn</span> <span class='ocrx_word' id='word_1_180' title='bbox 1123 3399 1362 3483; x_wconf 88' lang='lat' dir='ltr'>possessionum</span> <span class='ocrx_word' id='word_1_181' title='bbox 1396 3419 1526 3461; x_wconf 87' lang='lat' dir='ltr'>suarum</span> <span class='ocrx_word' id='word_1_182' title='bbox 1558 3399 1649 3460; x_wconf 92' lang='lat' dir='ltr'>vide·</span> 
     </span>
     <span class='ocr_line' id='line_1_24' title="bbox 382 3505 1646 3590; baseline 0 -24"><span class='ocrx_word' id='word_1_183' title='bbox 382 3505 456 3567; x_wconf 89' lang='lat' dir='ltr'>licet</span> <span class='ocrx_word' id='word_1_184' title='bbox 480 3507 596 3568; x_wconf 93' lang='lat' dir='ltr'>domus</span> <span class='ocrx_word' id='word_1_185' title='bbox 619 3522 683 3570; x_wconf 91' lang='lat' dir='ltr'>tam</span> <span class='ocrx_word' id='word_1_186' title='bbox 702 3523 823 3570; x_wconf 88' lang='lat' dir='ltr'>murate</span> <span class='ocrx_word' id='word_1_187' title='bbox 849 3527 945 3590; x_wconf 88' lang='lat' dir='ltr'>quam</span> <span class='ocrx_word' id='word_1_188' title='bbox 971 3508 1077 3590; x_wconf 82' lang='lat' dir='ltr'>lignee</span> <span class='ocrx_word' id='word_1_189' title='bbox 1096 3521 1126 3570; x_wconf 89' lang='lat' dir='ltr'>et</span> <span class='ocrx_word' id='word_1_190' title='bbox 1150 3506 1240 3568; x_wconf 87' lang='lat' dir='ltr'>fundi</span> <span class='ocrx_word' id='word_1_191' title='bbox 1261 3526 1296 3568; x_wconf 87' lang='lat' dir='ltr'>ac</span> <span class='ocrx_word' id='word_1_192' title='bbox 1313 3507 1421 3568; x_wconf 90' lang='lat' dir='ltr'>celarii</span> <span class='ocrx_word' id='word_1_193' title='bbox 1446 3507 1646 3568; x_wconf 88' lang='lat' dir='ltr'>subterranei</span> 
     </span>
     <span class='ocr_line' id='line_1_25' title="bbox 383 3612 1647 3692; baseline 0.002 -21"><span class='ocrx_word' id='word_1_194' title='bbox 383 3631 528 3673; x_wconf 89' lang='lat' dir='ltr'>necnon</span> <span class='ocrx_word' id='word_1_195' title='bbox 554 3612 777 3676; x_wconf 89' lang='lat' dir='ltr'>hedificiorum</span> <span class='ocrx_word' id='word_1_196' title='bbox 802 3617 833 3676; x_wconf 91' lang='lat' dir='ltr'>in</span> <span class='ocrx_word' id='word_1_197' title='bbox 859 3616 942 3677; x_wconf 90' lang='lat' dir='ltr'>dicta</span> <span class='ocrx_word' id='word_1_198' title='bbox 967 3615 1096 3676; x_wconf 89' lang='lat' dir='ltr'>civitate</span> <span class='ocrx_word' id='word_1_199' title='bbox 1114 3613 1311 3692; x_wconf 91' lang='lat' dir='ltr'>habitorum,</span> <span class='ocrx_word' id='word_1_200' title='bbox 1332 3633 1368 3674; x_wconf 93' lang='lat' dir='ltr'>ac</span> <span class='ocrx_word' id='word_1_201' title='bbox 1393 3613 1560 3674; x_wconf 89' lang='lat' dir='ltr'>vinearum</span> <span class='ocrx_word' id='word_1_202' title='bbox 1587 3631 1647 3674; x_wconf 91' lang='lat' dir='ltr'>nec</span> 
     </span>
     <span class='ocr_line' id='line_1_26' title="bbox 383 3718 1647 3803; baseline 0.003 -27"><span class='ocrx_word' id='word_1_203' title='bbox 383 3735 446 3777; x_wconf 92' lang='lat' dir='ltr'>non</span> <span class='ocrx_word' id='word_1_204' title='bbox 471 3718 549 3778; x_wconf 88' lang='lat' dir='ltr'>silve</span> <span class='ocrx_word' id='word_1_205' title='bbox 575 3720 605 3780; x_wconf 92' lang='lat' dir='ltr'>in</span> <span class='ocrx_word' id='word_1_206' title='bbox 631 3720 791 3782; x_wconf 90' lang='lat' dir='ltr'>territorio</span> <span class='ocrx_word' id='word_1_207' title='bbox 823 3721 959 3782; x_wconf 90' lang='lat' dir='ltr'>civitatis</span> <span class='ocrx_word' id='word_1_208' title='bbox 991 3721 1132 3803; x_wconf 89' lang='lat' dir='ltr'>predicte</span> <span class='ocrx_word' id='word_1_209' title='bbox 1165 3721 1319 3798; x_wconf 89' lang='lat' dir='ltr'>sitorum,</span> <span class='ocrx_word' id='word_1_210' title='bbox 1351 3740 1389 3780; x_wconf 89' lang='lat' dir='ltr'>ac</span> <span class='ocrx_word' id='word_1_211' title='bbox 1412 3720 1552 3781; x_wconf 86' lang='lat' dir='ltr'>aliorum</span> <span class='ocrx_word' id='word_1_212' title='bbox 1577 3737 1647 3780; x_wconf 92' lang='lat' dir='ltr'>om·</span> 
     </span>
     <span class='ocr_line' id='line_1_27' title="bbox 382 3823 1646 3890; baseline 0.002 -7"><span class='ocrx_word' id='word_1_213' title='bbox 382 3823 472 3884; x_wconf 90' lang='lat' dir='ltr'>nium</span> <span class='ocrx_word' id='word_1_214' title='bbox 497 3825 656 3887; x_wconf 91' lang='lat' dir='ltr'>bonorum</span> <span class='ocrx_word' id='word_1_215' title='bbox 681 3845 812 3888; x_wconf 88' lang='lat' dir='ltr'>suorum</span> <span class='ocrx_word' id='word_1_216' title='bbox 831 3827 1037 3888; x_wconf 91' lang='lat' dir='ltr'>inmobilium</span> <span class='ocrx_word' id='word_1_217' title='bbox 1056 3827 1206 3890; x_wconf 90' lang='lat' dir='ltr'>videlicet</span> <span class='ocrx_word' id='word_1_218' title='bbox 1229 3841 1260 3889; x_wconf 91' lang='lat' dir='ltr'>et</span> <span class='ocrx_word' id='word_1_219' title='bbox 1284 3826 1457 3888; x_wconf 91' lang='lat' dir='ltr'>mobilium</span> <span class='ocrx_word' id='word_1_220' title='bbox 1482 3827 1514 3887; x_wconf 91' lang='lat' dir='ltr'>in</span> <span class='ocrx_word' id='word_1_221' title='bbox 1532 3826 1646 3887; x_wconf 89' lang='lat' dir='ltr'>eadem</span> 
     </span>
     <span class='ocr_line' id='line_1_28' title="bbox 382 3929 1647 4011; baseline 0.002 -21"><span class='ocrx_word' id='word_1_222' title='bbox 382 3929 508 3991; x_wconf 88' lang='lat' dir='ltr'>civitate</span> <span class='ocrx_word' id='word_1_223' title='bbox 533 3945 563 3992; x_wconf 90' lang='lat' dir='ltr'>et</span> <span class='ocrx_word' id='word_1_224' title='bbox 587 3932 655 3994; x_wconf 89' lang='lat' dir='ltr'>eius</span> <span class='ocrx_word' id='word_1_225' title='bbox 679 3933 840 3995; x_wconf 91' lang='lat' dir='ltr'>territorio</span> <span class='ocrx_word' id='word_1_226' title='bbox 864 3932 1047 3994; x_wconf 89' lang='lat' dir='ltr'>habitorum</span> <span class='ocrx_word' id='word_1_227' title='bbox 1074 3947 1105 3994; x_wconf 87' lang='lat' dir='ltr'>et</span> <span class='ocrx_word' id='word_1_228' title='bbox 1128 3933 1349 4011; x_wconf 88' lang='lat' dir='ltr'>existencium,</span> <span class='ocrx_word' id='word_1_229' title='bbox 1374 3952 1410 3993; x_wconf 91' lang='lat' dir='ltr'>ac</span> <span class='ocrx_word' id='word_1_230' title='bbox 1434 3931 1590 3994; x_wconf 87' lang='lat' dir='ltr'>directam</span> <span class='ocrx_word' id='word_1_231' title='bbox 1616 3944 1647 3993; x_wconf 90' lang='lat' dir='ltr'>et</span> 
     </span>
     <span class='ocr_line' id='line_1_29' title="bbox 383 4037 1646 4116; baseline 0.002 -20"><span class='ocrx_word' id='word_1_232' title='bbox 383 4037 531 4116; x_wconf 87' lang='lat' dir='ltr'>equalem</span> <span class='ocrx_word' id='word_1_233' title='bbox 555 4039 762 4101; x_wconf 90' lang='lat' dir='ltr'>medietatem</span> <span class='ocrx_word' id='word_1_234' title='bbox 793 4059 955 4116; x_wconf 88' lang='lat' dir='ltr'>vasorum,</span> <span class='ocrx_word' id='word_1_235' title='bbox 987 4039 1176 4116; x_wconf 91' lang='lat' dir='ltr'>doleorum,</span> <span class='ocrx_word' id='word_1_236' title='bbox 1207 4038 1428 4116; x_wconf 90' lang='lat' dir='ltr'>torcularium,</span> <span class='ocrx_word' id='word_1_237' title='bbox 1452 4037 1646 4099; x_wconf 87' lang='lat' dir='ltr'>scriniorum</span> 
     </span>
     <span class='ocr_line' id='line_1_30' title="bbox 383 4142 1649 4227; baseline 0.002 -26"><span class='ocrx_word' id='word_1_238' title='bbox 383 4153 414 4203; x_wconf 91' lang='lat' dir='ltr'>et</span> <span class='ocrx_word' id='word_1_239' title='bbox 446 4142 584 4204; x_wconf 90' lang='lat' dir='ltr'>aliorum</span> <span class='ocrx_word' id='word_1_240' title='bbox 615 4145 836 4225; x_wconf 91' lang='lat' dir='ltr'>quorumlibet</span> <span class='ocrx_word' id='word_1_241' title='bbox 867 4145 1116 4227; x_wconf 87' lang='lat' dir='ltr'>supellectilium</span> <span class='ocrx_word' id='word_1_242' title='bbox 1151 4159 1182 4205; x_wconf 93' lang='lat' dir='ltr'>et</span> <span class='ocrx_word' id='word_1_243' title='bbox 1213 4144 1400 4206; x_wconf 90' lang='lat' dir='ltr'>utensilium</span> <span class='ocrx_word' id='word_1_244' title='bbox 1432 4158 1497 4206; x_wconf 91' lang='lat' dir='ltr'>tam</span> <span class='ocrx_word' id='word_1_245' title='bbox 1532 4144 1649 4205; x_wconf 89' lang='lat' dir='ltr'>domus</span> 
     </span>
     <span class='ocr_line' id='line_1_31' title="bbox 383 4248 1645 4333; baseline 0.003 -27"><span class='ocrx_word' id='word_1_246' title='bbox 383 4265 479 4326; x_wconf 88' lang='lat' dir='ltr'>quam</span> <span class='ocrx_word' id='word_1_247' title='bbox 493 4248 659 4310; x_wconf 86' lang='lat' dir='ltr'>vinearum</span> <span class='ocrx_word' id='word_1_248' title='bbox 684 4269 812 4311; x_wconf 89' lang='lat' dir='ltr'>suarum</span> <span class='ocrx_word' id='word_1_249' title='bbox 830 4251 1045 4333; x_wconf 88' lang='lat' dir='ltr'>predictarum</span> <span class='ocrx_word' id='word_1_250' title='bbox 1070 4251 1186 4332; x_wconf 87' lang='lat' dir='ltr'>quovis</span> <span class='ocrx_word' id='word_1_251' title='bbox 1215 4250 1356 4311; x_wconf 87' lang='lat' dir='ltr'>nominis</span> <span class='ocrx_word' id='word_1_252' title='bbox 1380 4249 1541 4311; x_wconf 91' lang='lat' dir='ltr'>vocabulo</span> <span class='ocrx_word' id='word_1_253' title='bbox 1559 4249 1645 4311; x_wconf 90' lang='lat' dir='ltr'>voci·</span> 
     </span>
     <span class='ocr_line' id='line_1_32' title="bbox 382 4355 1646 4438; baseline 0.004 -28"><span class='ocrx_word' id='word_1_254' title='bbox 382 4364 521 4412; x_wconf 89' lang='lat' dir='ltr'>tatorum</span> <span class='ocrx_word' id='word_1_255' title='bbox 535 4373 590 4414; x_wconf 88' lang='lat' dir='ltr'>seu</span> <span class='ocrx_word' id='word_1_256' title='bbox 615 4370 884 4437; x_wconf 90' lang='lat' dir='ltr'>nuncupatorum,</span> <span class='ocrx_word' id='word_1_257' title='bbox 902 4376 974 4418; x_wconf 90' lang='lat' dir='ltr'>cum</span> <span class='ocrx_word' id='word_1_258' title='bbox 999 4357 1064 4417; x_wconf 92' lang='lat' dir='ltr'>suis</span> <span class='ocrx_word' id='word_1_259' title='bbox 1081 4357 1274 4418; x_wconf 90' lang='lat' dir='ltr'>utilitatibus</span> <span class='ocrx_word' id='word_1_260' title='bbox 1296 4369 1327 4417; x_wconf 92' lang='lat' dir='ltr'>et</span> <span class='ocrx_word' id='word_1_261' title='bbox 1350 4355 1558 4438; x_wconf 90' lang='lat' dir='ltr'>pertinenciis</span> <span class='ocrx_word' id='word_1_262' title='bbox 1575 4355 1646 4416; x_wconf 90' lang='lat' dir='ltr'>uni·</span> 
     </span>
     <span class='ocr_line' id='line_1_33' title="bbox 383 4457 1647 4544; baseline 0.006 -30"><span class='ocrx_word' id='word_1_263' title='bbox 383 4457 481 4517; x_wconf 89' lang='lat' dir='ltr'>versis</span> <span class='ocrx_word' id='word_1_264' title='bbox 505 4458 640 4521; x_wconf 92' lang='lat' dir='ltr'>Nicolao</span> <span class='ocrx_word' id='word_1_265' title='bbox 666 4459 774 4522; x_wconf 89' lang='lat' dir='ltr'>ltalico</span> <span class='ocrx_word' id='word_1_266' title='bbox 799 4463 922 4523; x_wconf 89' lang='lat' dir='ltr'>concivi</span> <span class='ocrx_word' id='word_1_267' title='bbox 948 4477 1057 4524; x_wconf 89' lang='lat' dir='ltr'>nostro</span> <span class='ocrx_word' id='word_1_268' title='bbox 1092 4461 1159 4524; x_wconf 88' lang='lat' dir='ltr'>lilio</span> <span class='ocrx_word' id='word_1_269' title='bbox 1186 4462 1284 4524; x_wconf 91' lang='lat' dir='ltr'>Blasii</span> <span class='ocrx_word' id='word_1_270' title='bbox 1317 4477 1483 4544; x_wconf 91' lang='lat' dir='ltr'>tamquam</span> <span class='ocrx_word' id='word_1_271' title='bbox 1511 4481 1647 4523; x_wconf 88' lang='lat' dir='ltr'>consan-</span> 
     </span>
     <span class='ocr_line' id='line_1_34' title="bbox 382 4562 1647 4651; baseline 0.006 -30"><span class='ocrx_word' id='word_1_272' title='bbox 382 4562 512 4642; x_wconf 82' lang='lat' dir='ltr'>guineo,</span> <span class='ocrx_word' id='word_1_273' title='bbox 538 4567 721 4648; x_wconf 89' lang='lat' dir='ltr'>propinquo</span> <span class='ocrx_word' id='word_1_274' title='bbox 746 4581 776 4629; x_wconf 90' lang='lat' dir='ltr'>et</span> <span class='ocrx_word' id='word_1_275' title='bbox 801 4566 888 4629; x_wconf 88' lang='lat' dir='ltr'>fratri</span> <span class='ocrx_word' id='word_1_276' title='bbox 913 4588 971 4630; x_wconf 88' lang='lat' dir='ltr'>suo</span> <span class='ocrx_word' id='word_1_277' title='bbox 988 4570 1124 4650; x_wconf 88' lang='lat' dir='ltr'>patrueli</span> <span class='ocrx_word' id='word_1_278' title='bbox 1142 4569 1294 4630; x_wconf 87' lang='lat' dir='ltr'>donasset</span> <span class='ocrx_word' id='word_1_279' title='bbox 1318 4583 1349 4630; x_wconf 89' lang='lat' dir='ltr'>et</span> <span class='ocrx_word' id='word_1_280' title='bbox 1373 4568 1560 4651; x_wconf 90' lang='lat' dir='ltr'>propinavit</span> <span class='ocrx_word' id='word_1_281' title='bbox 1577 4587 1647 4650; x_wconf 92' lang='lat' dir='ltr'>per·</span> 
     </span>
     <span class='ocr_line' id='line_1_35' title="bbox 383 4671 1648 4750; baseline 0.007 -24"><span class='ocrx_word' id='word_1_282' title='bbox 383 4679 480 4745; x_wconf 89' lang='lat' dir='ltr'>petuo</span> <span class='ocrx_word' id='word_1_283' title='bbox 505 4671 751 4750; x_wconf 87' lang='lat' dir='ltr'>possidendam;</span> <span class='ocrx_word' id='word_1_284' title='bbox 783 4674 879 4735; x_wconf 89' lang='lat' dir='ltr'>aliam</span> <span class='ocrx_word' id='word_1_285' title='bbox 904 4688 1011 4736; x_wconf 87' lang='lat' dir='ltr'>autem</span> <span class='ocrx_word' id='word_1_286' title='bbox 1046 4676 1251 4737; x_wconf 89' lang='lat' dir='ltr'>medietatem</span> <span class='ocrx_word' id='word_1_287' title='bbox 1286 4675 1474 4736; x_wconf 88' lang='lat' dir='ltr'>earumdem</span> <span class='ocrx_word' id='word_1_288' title='bbox 1499 4674 1648 4736; x_wconf 92' lang='lat' dir='ltr'>omnium</span> 
     </span>
     <span class='ocr_line' id='line_1_36' title="bbox 382 4775 1650 4863; baseline 0.009 -33"><span class='ocrx_word' id='word_1_289' title='bbox 382 4775 619 4848; x_wconf 87' lang='lat' dir='ltr'>possessionum</span> <span class='ocrx_word' id='word_1_290' title='bbox 644 4798 772 4840; x_wconf 90' lang='lat' dir='ltr'>suarum</span> <span class='ocrx_word' id='word_1_291' title='bbox 797 4781 948 4843; x_wconf 89' lang='lat' dir='ltr'>videlicet</span> <span class='ocrx_word' id='word_1_292' title='bbox 970 4795 1036 4844; x_wconf 91' lang='lat' dir='ltr'>tam</span> <span class='ocrx_word' id='word_1_293' title='bbox 1070 4783 1186 4843; x_wconf 92' lang='lat' dir='ltr'>domus</span> <span class='ocrx_word' id='word_1_294' title='bbox 1221 4795 1345 4844; x_wconf 88' lang='lat' dir='ltr'>murate</span> <span class='ocrx_word' id='word_1_295' title='bbox 1377 4800 1475 4863; x_wconf 93' lang='lat' dir='ltr'>quam</span> <span class='ocrx_word' id='word_1_296' title='bbox 1501 4779 1593 4842; x_wconf 89' lang='lat' dir='ltr'>lundi</span> <span class='ocrx_word' id='word_1_297' title='bbox 1619 4795 1650 4842; x_wconf 91' lang='lat' dir='ltr'>et</span> 
     </span>
     <span class='ocr_line' id='line_1_37' title="bbox 385 4877 1650 4970; baseline 0.009 -34"><span class='ocrx_word' id='word_1_298' title='bbox 385 4877 490 4939; x_wconf 90' lang='lat' dir='ltr'>celarii</span> <span class='ocrx_word' id='word_1_299' title='bbox 523 4881 718 4944; x_wconf 87' lang='lat' dir='ltr'>subterranei</span> <span class='ocrx_word' id='word_1_300' title='bbox 750 4904 785 4945; x_wconf 88' lang='lat' dir='ltr'>ac</span> <span class='ocrx_word' id='word_1_301' title='bbox 817 4885 1040 4948; x_wconf 87' lang='lat' dir='ltr'>hedificiorum</span> <span class='ocrx_word' id='word_1_302' title='bbox 1076 4907 1112 4949; x_wconf 90' lang='lat' dir='ltr'>ac</span> <span class='ocrx_word' id='word_1_303' title='bbox 1144 4889 1285 4970; x_wconf 90' lang='lat' dir='ltr'>ipsarum</span> <span class='ocrx_word' id='word_1_304' title='bbox 1319 4888 1486 4950; x_wconf 90' lang='lat' dir='ltr'>vinearum</span> <span class='ocrx_word' id='word_1_305' title='bbox 1514 4901 1545 4948; x_wconf 90' lang='lat' dir='ltr'>et</span> <span class='ocrx_word' id='word_1_306' title='bbox 1569 4887 1650 4948; x_wconf 90' lang='lat' dir='ltr'>silve</span> 
     </span>
     <span class='ocr_line' id='line_1_38' title="bbox 385 4989 1649 5078; baseline 0.01 -37"><span class='ocrx_word' id='word_1_307' title='bbox 385 5001 529 5046; x_wconf 88' lang='lat' dir='ltr'>necnon</span> <span class='ocrx_word' id='word_1_308' title='bbox 555 4989 700 5050; x_wconf 89' lang='lat' dir='ltr'>omnium</span> <span class='ocrx_word' id='word_1_309' title='bbox 725 4991 860 5054; x_wconf 87' lang='lat' dir='ltr'>aliorum</span> <span class='ocrx_word' id='word_1_310' title='bbox 887 4995 1050 5055; x_wconf 91' lang='lat' dir='ltr'>bonorum</span> <span class='ocrx_word' id='word_1_311' title='bbox 1066 5015 1199 5056; x_wconf 86' lang='lat' dir='ltr'>suorum</span> <span class='ocrx_word' id='word_1_312' title='bbox 1230 4996 1449 5078; x_wconf 91' lang='lat' dir='ltr'>predictorum</span> <span class='ocrx_word' id='word_1_313' title='bbox 1475 4993 1649 5056; x_wconf 91' lang='lat' dir='ltr'>mobilium</span> 
     </span>
     <span class='ocr_line' id='line_1_39' title="bbox 384 5087 1650 5183; baseline 0.011 -35"><span class='ocrx_word' id='word_1_314' title='bbox 384 5087 533 5153; x_wconf 89' lang='lat' dir='ltr'>videlicet</span> <span class='ocrx_word' id='word_1_315' title='bbox 557 5107 587 5154; x_wconf 90' lang='lat' dir='ltr'>et</span> <span class='ocrx_word' id='word_1_316' title='bbox 604 5094 820 5178; x_wconf 89' lang='lat' dir='ltr'>inmobilium,</span> <span class='ocrx_word' id='word_1_317' title='bbox 837 5119 872 5160; x_wconf 91' lang='lat' dir='ltr'>ac</span> <span class='ocrx_word' id='word_1_318' title='bbox 890 5100 1043 5163; x_wconf 89' lang='lat' dir='ltr'>directam</span> <span class='ocrx_word' id='word_1_319' title='bbox 1062 5113 1092 5163; x_wconf 84' lang='lat' dir='ltr'>et</span> <span class='ocrx_word' id='word_1_320' title='bbox 1110 5102 1259 5183; x_wconf 86' lang='lat' dir='ltr'>equalem</span> <span class='ocrx_word' id='word_1_321' title='bbox 1277 5101 1486 5164; x_wconf 89' lang='lat' dir='ltr'>medietatem</span> <span class='ocrx_word' id='word_1_322' title='bbox 1505 5100 1650 5182; x_wconf 84' lang='lat' dir='ltr'>ipsorum</span> 
     </span>
    </p>
   </div>
   <div class='ocr_carea' id='block_1_7' title="bbox 0 0 1912 5802">
    <p class='ocr_par' dir='ltr' id='par_1_8' title="bbox 0 0 1912 5802">
     <span class='ocr_line' id='line_1_40' title="bbox 0 0 1912 5802; baseline 0 0"><span class='ocrx_word' id='word_1_323' title='bbox 0 0 1912 5802; x_wconf 95' lang='lat' dir='ltr'> </span> 
     </span>
    </p>
   </div>
  </div>
 </body>
</html>
