3816 5802
749 590 836 648 Anno
860 601 948 665 1451.
1423 607 1482 665 129

217 803 344 866 vineam
371 803 470 864 Lucie
496 801 641 863 mulieris
665 799 730 862 filie
756 801 893 862 condam
917 801 1084 862 Michaelis
1110 802 1270 885 Mlachlty,
1296 817 1326 864 et
1353 803 1483 886 Mathye

217 908 312 988 jurati
338 908 414 971 dicti
440 908 590 990 l‘uchych
608 907 761 986 habitam,
779 909 896 988 Agneti
915 907 1022 968 relicte
1041 908 1176 968 condam
1201 907 1378 970 Clementis
1396 910 1483 970 iusti·

219 1016 297 1077 toris
323 1035 381 1098 pro
405 1028 478 1077 octo
500 1013 570 1078 flor.
588 1015 656 1075 auri
673 1013 820 1075 vendidit
836 1027 992 1095 perpetuo
1009 1013 1236 1096 possidendam
1255 1029 1285 1077 et
1310 1017 1482 1097 superinde

218 1136 264 1184 est
287 1122 348 1182 sibi
374 1121 464 1182 litera
489 1122 548 1181 sub
581 1120 733 1202 pendenti
758 1120 866 1200 sigillo
891 1121 1130 1182 communitatis
1155 1137 1311 1184 emanata.

322 1227 400 1289 Item
427 1226 595 1287 Ladislaus
619 1240 708 1287 sutor
725 1224 810 1287 filius
827 1226 966 1300 condam
985 1227 1068 1286 Petri
1086 1227 1208 1288 sutoris
1226 1226 1301 1288 dicti
1321 1227 1480 1311 Fudrycz,

216 1333 455 1396 commissarius
479 1333 617 1394 condam
642 1332 757 1395 Vrsule
783 1333 928 1394 mulieris
962 1331 1027 1394 filie
1060 1333 1199 1394 condam
1226 1333 1382 1416 Stephani
1409 1335 1481 1396 Per·

215 1455 310 1519 stecz,
335 1440 499 1522 quandam
538 1440 666 1501 vineam
699 1459 755 1500 seu
788 1439 947 1500 vinealem
983 1440 1171 1521 porcionem
1202 1441 1343 1521 predicte
1369 1441 1483 1503 Vrsule

216 1547 360 1608 mulieris
391 1548 423 1608 in
456 1546 617 1607 territorio
650 1546 788 1608 civitatis
829 1547 910 1608 inter
943 1547 1070 1608 vineam
1105 1545 1244 1608 Emerici
1282 1547 1432 1628 agricole,
1465 1568 1482 1608 a

215 1653 455 1734 septemtrione,
481 1667 512 1714 et
536 1653 619 1713 inter
642 1653 771 1714 vineam
797 1652 953 1714 Anthonii
983 1650 1205 1734 Joffanowych
1231 1653 1384 1734 habitam,
1409 1673 1481 1714 cum

215 1759 279 1821 suis
304 1759 511 1842 pertinenciis
536 1759 664 1820 Andree
682 1758 782 1820 sutori
808 1757 875 1820 filio
895 1758 1061 1819 Michaelis
1086 1757 1126 1818 de
1152 1758 1298 1820 Dombro
1323 1777 1381 1840 pro
1406 1772 1479 1820 octo

215 1865 284 1928 flor.
310 1865 378 1926 auri
403 1865 549 1926 vendidit
573 1878 729 1946 perpetuo
747 1864 976 1946 possidendam
1000 1879 1031 1926 et
1047 1865 1220 1946 superinde
1234 1865 1294 1926 sibi
1319 1878 1364 1925 est
1388 1865 1479 1926 litera

215 1973 274 2033 sub
299 1971 452 2053 pendenti
476 1971 585 2052 sigillo
610 1971 851 2032 communitatis
875 1985 1032 2032 emanata.

268 2211 351 2282 ltern
378 2202 412 2280 in
441 2211 526 2281 lesto
556 2207 809 2280 Purificaciouis
848 2207 945 2281 beate
986 2229 1116 2298 semper
1143 2209 1285 2300 virginis
1314 2210 1427 2282 Marie.

738 2367 781 2436 (2.
797 2363 974 2438 februaria).

323 2503 400 2564 ltern
427 2502 558 2564 domina
583 2502 758 2564 Katherina
783 2502 892 2564 relicta
918 2503 1054 2565 condam
1078 2503 1275 2586 Sigismundi
1301 2505 1395 2586 jurati
1419 2505 1477 2568 lilii

220 2609 359 2692 Philippi
378 2607 435 2670 lilii
454 2609 610 2670 Maurucii
628 2609 767 2690 primum
786 2621 816 2669 et
840 2607 969 2670 tandem
989 2609 1098 2670 relicta
1118 2611 1257 2672 condam
1282 2611 1481 2692 Sigismundi

219 2715 313 2798 jurati
337 2713 396 2776 filii
419 2715 559 2798 Philippi
584 2712 642 2775 filii
668 2713 827 2792 Mauricii,
850 2718 914 2792 (sic)
947 2717 1110 2796 quandam
1136 2716 1271 2778 domum
1296 2738 1385 2778 suam
1411 2738 1480 2780 mu-

217 2837 317 2884 ratam
342 2843 399 2884 seu
422 2822 595 2905 pallacium
620 2840 713 2882 suum
740 2835 912 2899 muratum,
946 2841 1019 2883 curn
1047 2820 1150 2885 fundo
1183 2839 1213 2885 et
1237 2823 1393 2886 hedificiis
1416 2838 1479 2886 tarn

218 2929 337 3012 lapidei
362 2948 459 3012 quarn
485 2928 583 3008 lignei
609 2928 715 3010 operis
740 2927 772 2987 in
806 2927 919 2989 eadem
954 2928 1052 2990 domo
1085 2945 1209 2991 murata
1234 2945 1265 2992 et
1290 2929 1392 2992 fundo
1416 2947 1480 2993 tam

217 3036 364 3118 superius
388 3054 484 3117 quam
523 3031 657 3096 inferius
688 3033 816 3111 habitis,
850 3035 1039 3096 constructis
1071 3049 1102 3096 et
1133 3035 1416 3118 superhedificatis,
1448 3038 1480 3099 in

217 3143 301 3204 dicta
326 3141 454 3203 civitate
480 3141 561 3202 inter
586 3139 718 3201 domum
744 3139 892 3200 similiter
923 3155 1082 3202 muratam
1116 3155 1147 3203 et
1171 3141 1308 3204 fundum
1332 3162 1368 3204 ac
1391 3143 1480 3205 hedi·

218 3249 288 3311 ficia
323 3247 471 3329 Gregorii
504 3246 657 3308 institoris
688 3259 718 3307 et
751 3245 883 3308 domine
915 3246 1029 3310 Vrsule
1062 3249 1218 3310 consortis
1249 3269 1315 3328 sue,
1348 3269 1365 3311 a
1389 3267 1479 3332 parte

222 3354 438 3433 meridionali,
462 3365 494 3416 et
517 3353 601 3414 inter
618 3351 751 3413 domurn
769 3352 909 3433 ligneam
928 3367 958 3414 et
975 3353 1111 3416 fundum
1136 3355 1310 3417 Katherine
1334 3357 1479 3420 mulieris

216 3459 280 3524 filie
306 3460 443 3523 condam
470 3459 598 3543 Mathye
622 3457 715 3540 jurati
750 3457 825 3520 dicti
852 3460 961 3542 Popek
987 3460 1143 3539 habitam,
1169 3460 1312 3543 Georgio
1337 3463 1376 3524 de
1401 3465 1480 3526 Klo-

219 3568 300 3631 koch
326 3567 393 3629 filio
419 3567 521 3630 Mauri
557 3579 587 3628 et
611 3565 784 3626 Valentino
815 3565 942 3628 literato
967 3565 1035 3628 filio
1069 3587 1127 3628 suo
1160 3568 1294 3631 donavit
1325 3584 1479 3651 perpetuo

217 3674 445 3758 possidendam
464 3687 495 3734 et
511 3671 684 3754 superinde
709 3671 786 3752 ipsis
810 3685 857 3734 est
880 3673 972 3734 litera
1000 3675 1059 3734 sub
1084 3674 1236 3756 pendenti
1261 3675 1368 3755 sigillo
1393 3695 1479 3738 com-

217 3779 382 3843 munitatis
406 3792 563 3842 emanata.

323 3887 400 3948 ltem
426 3885 589 3947 lohannes
611 3899 713 3947 sartor
729 3884 814 3947 filius
840 3886 993 3967 Stephani
1012 3901 1042 3946 et
1067 3887 1213 3970 Mathyas
1237 3887 1377 3968 agricola
1395 3887 1480 3950 filius

217 3993 346 4056 Thorne
372 3993 411 4053 de
436 3991 531 4073 Vgra,
550 3992 704 4073 quasdam
731 3993 810 4053 duas
828 3992 998 4074 porciones
1015 3993 1156 4054 vineales
1174 3995 1317 4076 ipsorum
1341 3993 1372 4054 in
1390 3994 1479 4055 terri·

217 4105 302 4166 torio
327 4117 436 4164 nostro
462 4102 542 4162 inter
575 4102 703 4163 vineam
730 4101 886 4162 Anthonii
912 4101 1095 4180 Plezecz,a
1128 4102 1319 4180 meridione,
1344 4117 1375 4162 et
1400 4102 1481 4162 inter

216 4210 313 4272 aliam
339 4210 465 4270 vineam
492 4209 636 4270 eiusdem
663 4209 818 4270 lohannis
852 4209 990 4286 sartoris,
1016 4229 1032 4269 a
1057 4209 1285 4290 septemtrione
1309 4207 1401 4269 sitam
1426 4207 1480 4268 ha·

217 4317 310 4394 bitas,
335 4335 402 4376 sese
427 4316 577 4396 contigue
602 4315 835 4396 contingentes,
868 4333 939 4375 cum
971 4316 1121 4375 omnibus
1154 4334 1263 4375 earum
1288 4314 1480 4375 utilitatibus

217 4437 247 4485 et
271 4421 480 4505 pertinenciis
513 4421 670 4482 universis
706 4421 895 4482 Sebastiano
931 4420 998 4482 filio
1033 4421 1187 4502 Stephani
1224 4420 1264 4482 de
1297 4421 1389 4481 Blato
1422 4441 1480 4501 pro

218 4529 329 4590 decem
357 4527 426 4590 flor.
452 4527 519 4588 auri
552 4526 767 4588 vendiderunt
799 4541 955 4608 perpetuo
988 4527 1214 4608 possidendam
1248 4540 1278 4588 et
1309 4526 1480 4608 superinde

217 4635 321 4696 eidem
338 4635 527 4696 Sebastiano
541 4648 587 4696 est
603 4635 695 4696 litera
709 4635 768 4694 sub
783 4633 934 4715 pendenti
947 4633 1055 4714 sigillo
1070 4633 1310 4695 communitatis
1322 4648 1480 4694 emanata.

323 4741 401 4802 ltem
428 4741 622 4803 Benedictus
646 4741 738 4801 aliter
763 4741 866 4802 Bensa
883 4755 1015 4801 vocatus
1038 4739 1122 4802 filius
1152 4740 1288 4802 condam
1314 4738 1481 4800 Michaelis

218 4846 409 4924 Sebastiani,
433 4847 598 4926 quoddam
624 4845 720 4909 fenile
745 4867 839 4908 suurn
864 4849 896 4907 in
930 4867 1044 4927 campo
1069 4847 1205 4908 civitatis
1230 4846 1373 4927 predicte
1399 4846 1481 4906 inter

216 4966 315 5014 terras
338 4953 515 5016 liberorum
541 4953 678 5014 condam
705 4952 837 5033 Georgii
862 4954 991 5030 sutoris,
1009 4955 1048 5013 ab
1073 4953 1250 5030 occidente,
1274 4966 1304 5012 et
1329 4951 1410 5011 inter
1436 4950 1479 5011 f·

218 5058 294 5121 uilia
319 5073 427 5121 nostre
445 5059 695 5138 communitatis,
714 5061 753 5120 ab
771 5059 905 5138 oriente,
922 5073 952 5120 et
969 5059 1144 5120 liberorum
1163 5057 1299 5119 condam
1325 5055 1481 5118 iohannis

1373 5165 1391 5230 9
